%% This BibTeX bibliography file was created using BibDesk.
%% http://bibdesk.sourceforge.net/


%% Created for Hao Yan at 2016-02-18 21:19:44 -0500 


%% Saved with string encoding Unicode (UTF-8) 
@INPROCEEDINGS{5539939, 
author={D. Sun and S. Roth and M. J. Black}, 
booktitle={Computer Vision and Pattern Recognition (CVPR), 2010 IEEE Conference on}, 
title={Secrets of optical flow estimation and their principles}, 
year={2010}, 
pages={2432-2439}, 
keywords={estimation theory;filtering theory;image sequences;Middlebury optical flow benchmark;image boundaries;intermediate flow fields;large spatial neighborhood;median filtering heuristic;objective function;optical flow estimation algorithm;optimization method;Art;Data flow computing;Filtering;Image motion analysis;Optical filters;Optimization methods;Performance gain;Robustness;Sun}, 
doi={10.1109/CVPR.2010.5539939}, 
ISSN={1063-6919}, 
month={June},}

@article{brox,
  author       = "T. Brox and J. Malik",
  title        = "Large displacement optical flow: descriptor matching in variational motion estimation",
  journal      = "IEEE Transactions on Pattern Analysis and Machine Intelligence",
  number       = "3",
  volume       = "33",
  pages        = "500-513",
  year         = "2011",
  url          = "http://lmb.informatik.uni-freiburg.de//Publications/2011/Bro11a"
}

@article{nin,
  author    = {Min Lin and
               Qiang Chen and
               Shuicheng Yan},
  title     = {Network In Network},
  journal   = {CoRR},
  volume    = {abs/1312.4400},
  year      = {2013},
  url       = {http://arxiv.org/abs/1312.4400},
  timestamp = {Mon, 06 Jan 2014 15:10:41 +0100},
  biburl    = {http://dblp.uni-trier.de/rec/bib/journals/corr/LinCY13},
  bibsource = {dblp computer science bibliography, http://dblp.org}
}

@article{cnnSC,
  author    = {Ye Zhang and
               Byron Wallace},
  title     = {A Sensitivity Analysis of (and Practitioners' Guide to) Convolutional
               Neural Networks for Sentence Classification},
  journal   = {CoRR},
  volume    = {abs/1510.03820},
  year      = {2015},
  url       = {http://arxiv.org/abs/1510.03820},
  timestamp = {Sun, 01 Nov 2015 17:30:45 +0100},
  biburl    = {http://dblp.uni-trier.de/rec/bib/journals/corr/ZhangW15b},
  bibsource = {dblp computer science bibliography, http://dblp.org}
}

@article{cnnMNLS,
  author    = {Baotian Hu and
               Zhengdong Lu and
               Hang Li and
               Qingcai Chen},
  title     = {Convolutional Neural Network Architectures for Matching Natural Language
               Sentences},
  journal   = {CoRR},
  volume    = {abs/1503.03244},
  year      = {2015},
  url       = {http://arxiv.org/abs/1503.03244},
  timestamp = {Thu, 09 Apr 2015 11:33:20 +0200},
  biburl    = {http://dblp.uni-trier.de/rec/bib/journals/corr/HuLLC15},
  bibsource = {dblp computer science bibliography, http://dblp.org}
}

@inproceedings{byeon2015scene,
	Author = {Byeon, Wonmin and Breuel, Thomas M and Raue, Federico and Liwicki, Marcus},
	Booktitle = {Proceedings of the IEEE Conference on Computer Vision and Pattern Recognition},
	Date-Added = {2016-02-19 02:19:43 +0000},
	Date-Modified = {2016-02-19 02:19:43 +0000},
	Pages = {3547--3555},
	Title = {Scene labeling with lstm recurrent neural networks},
	Year = {2015}}

@article{snip,
	Author = {Joe Yue{-}Hei Ng and Matthew J. Hausknecht and Sudheendra Vijayanarasimhan and Oriol Vinyals and Rajat Monga and George Toderici},
	Bibsource = {dblp computer science bibliography, http://dblp.org},
	Biburl = {http://dblp.uni-trier.de/rec/bib/journals/corr/NgHVVMT15},
	Journal = {CoRR},
	Timestamp = {Thu, 09 Apr 2015 11:33:20 +0200},
	Title = {Beyond Short Snippets: Deep Networks for Video Classification},
	Url = {http://arxiv.org/abs/1503.08909},
	Volume = {abs/1503.08909},
	Year = {2015},
	Bdsk-Url-1 = {http://arxiv.org/abs/1503.08909}}

@inproceedings{cnnvid,
	Acmid = {2680211},
	Address = {Washington, DC, USA},
	Author = {Karpathy, Andrej and Toderici, George and Shetty, Sanketh and Leung, Thomas and Sukthankar, Rahul and Fei-Fei, Li},
	Booktitle = {Proceedings of the 2014 IEEE Conference on Computer Vision and Pattern Recognition},
	Doi = {10.1109/CVPR.2014.223},
	Isbn = {978-1-4799-5118-5},
	Keywords = {convolutional, neural, network, video, classification, action, recognition, large-scale, dataset, sports},
	Numpages = {8},
	Pages = {1725--1732},
	Publisher = {IEEE Computer Society},
	Series = {CVPR '14},
	Title = {Large-Scale Video Classification with Convolutional Neural Networks},
	Url = {http://dx.doi.org/10.1109/CVPR.2014.223},
	Year = {2014},
	Bdsk-Url-1 = {http://dx.doi.org/10.1109/CVPR.2014.223}}

@article{stf,
	Author = {Du Tran and Lubomir D. Bourdev and Rob Fergus and Lorenzo Torresani and Manohar Paluri},
	Bibsource = {dblp computer science bibliography, http://dblp.org},
	Biburl = {http://dblp.uni-trier.de/rec/bib/journals/corr/TranBFTP14},
	Journal = {CoRR},
	Timestamp = {Thu, 01 Jan 2015 19:51:08 +0100},
	Title = {Learning Spatiotemporal Features with 3D Convolutional Networks},
	Url = {http://arxiv.org/abs/1412.0767},
	Volume = {abs/1412.0767},
	Year = {2014},
	Bdsk-Url-1 = {http://arxiv.org/abs/1412.0767}}

@article{ltrcn,
	Author = {Jeff Donahue and Lisa Anne Hendricks and Sergio Guadarrama and Marcus Rohrbach and Subhashini Venugopalan and Kate Saenko and Trevor Darrell},
	Bibsource = {dblp computer science bibliography, http://dblp.org},
	Biburl = {http://dblp.uni-trier.de/rec/bib/journals/corr/DonahueHGRVSD14},
	Journal = {CoRR},
	Timestamp = {Mon, 01 Dec 2014 14:32:13 +0100},
	Title = {Long-term Recurrent Convolutional Networks for Visual Recognition and Description},
	Url = {http://arxiv.org/abs/1411.4389},
	Volume = {abs/1411.4389},
	Year = {2014},
	Bdsk-Url-1 = {http://arxiv.org/abs/1411.4389}}
	
@article{ucf101,
  author    = {Khurram Soomro and
               Amir Roshan Zamir and
               Mubarak Shah},
  title     = {{UCF101:} {A} Dataset of 101 Human Actions Classes From Videos in
               The Wild},
  journal   = {CoRR},
  volume    = {abs/1212.0402},
  year      = {2012},
  url       = {http://arxiv.org/abs/1212.0402},
  timestamp = {Wed, 02 Jan 2013 09:49:04 +0100},
  biburl    = {http://dblp.uni-trier.de/rec/bib/journals/corr/abs-1212-0402},
  bibsource = {dblp computer science bibliography, http://dblp.org}
}

@unpublished{dlbook,
	Author = {Ian Goodfellow and Yoshua Bengio and Aaron Courville},
	Note = {Book in preparation for MIT Press},
	Title = {Deep Learning},
	Url = {http://goodfeli.github.io/dlbook/},
	Year = {2016},
	Bdsk-Url-1 = {http://goodfeli.github.io/dlbook/}}
