
% TO be added. Not included in the software section.
% ===========================================
@misc{TNT,
  author = {Al-Assam, S. and Clark, S. R. and Jaksch, D. and others},
  title = {Tensor {Network} {Theory} {Library}, Beta ({V}ersion 1.0.0)},
  howpublished = {Available from www.tensornetworktheory.org},
  month = {},
  year = {2014},
  url = {www.tensornetworktheory.org}
}

@techreport{Kaya:2015_2,
  Author = {Kaya, Oguz and U\c{c}ar, Bora},
  Institution = {Inria - Research Centre Grenoble – Rhone-Alpes},
  Title = {High-performance parallel algorithms for the Tucker decomposition of higher order sparse tensors},
  Year = {2015}
  }

% CP decomposition optimization
@inproceedings{Baskaran/Meister/Lethin/SparseTensor,
  author    = {Muthu Baskaran and
               Benoit Meister and
               Richard Lethin},
  title     = {Low-overhead Load-balanced Scheduling for Sparse Tensor Computations},
  booktitle = {IEEE Conference on High Performance Extreme Computing (HPEC),
               Waltham, MA, USA},
  publisher = {IEEE, September},
  year      = {2014},
  month     = sep,
  url       = {http://www.ieee-hpec.org/2014/CD/index_htm_files/FinalPapers/134.pdf},
}

@ARTICLE{Wang:2015,
   author = {{Wang}, Y. and {Tung}, H.-Y. and {Smola}, A. and {Anandkumar}, A.
  },
    title = "{Fast and Guaranteed Tensor Decomposition via Sketching}",
  journal = {ArXiv e-prints},
archivePrefix = "arXiv",
   eprint = {1506.04448},
 primaryClass = "stat.ML",
 keywords = {Statistics - Machine Learning, Computer Science - Learning},
     year = 2015,
    month = jun,
   adsurl = {http://adsabs.harvard.edu/abs/2015arXiv150604448W},
  adsnote = {Provided by the SAO/NASA Astrophysics Data System}
}

@ARTICLE{Lewis:2015,
   author = {{Lewis}, C.~A. and {Calvin}, J.~A. and {Valeev}, E.~F.},
    title = "{Clustered Low-Rank Tensor Format: Introduction and Application to Fast Construction of Hartree-Fock Exchange}",
  journal = {ArXiv e-prints},
archivePrefix = "arXiv",
   eprint = {1510.01156},
 primaryClass = "physics.chem-ph",
 keywords = {Physics - Chemical Physics},
     year = 2015,
    month = oct,
   adsurl = {http://adsabs.harvard.edu/abs/2015arXiv151001156L},
  adsnote = {Provided by the SAO/NASA Astrophysics Data System}
}

% ===========================================

@article{shiftinv,
    author       = "M. M{\o}rup and L. K. Hansen and S. M. Arnfred and L. Lim and K. H. Madsen",
    title        = "Shift Invariant Multilinear Decomposition of Neuroimaging Data",
    year         = "2008",
    pages        = "1439-50",
    journal      = "accepted for publication NeuroImage",
    volume       = "42",
    editor       = "",
    number       = "4",
    publisher    = "",
    url          = "http://www2.imm.dtu.dk/pubdb/p.php?5551",
    abstract     = "We present an algorithm for multilinear decomposition that allows for arbitrary shifts along one modality. The method is applied to neural activity arranged in the three modalities space, time, and trial. Thus, the algorithm models neural activity as a linear superposition of components with a fixed time course that may vary across either trials or space in its overall intensity and latency. Its utility is demonstrated on simulated data as well as actual {EEG,} and fMRI data. We show how shift-invariant multilinear decompositions of multiway data can successfully cope with variable latencies in data derived from neural activity --- a problem that has caused degenerate solutions especially in modeling neuroimaging data with instantaneous multilinear decompositions. Our algorithm is available for download at www.erpwavelab.org."
}

@inproceedings{wang2014clinical,
	title={Clinical risk prediction with multilinear sparse logistic regression},
	author={Wang, Fei and Zhang, Ping and Qian, Buyue and Wang, Xiang and Davidson, Ian},
	booktitle={Proceedings of the 20th ACM SIGKDD international conference on Knowledge discovery and data mining},
	pages={145--154},
	year={2014},
	organization={ACM}
}

@article{CaoSurv15,
	author    = {Bokai Cao and
	Xiangnan Kong and
	Philip S. Yu},
	title     = {A review of heterogeneous data mining for brain disorders},
	journal   = {CoRR},
	volume    = {abs/1508.01023},
	year      = {2015},
	url       = {http://arxiv.org/abs/1508.01023},
	timestamp = {Tue, 01 Sep 2015 14:42:40 +0200},
	biburl    = {http://dblp.uni-trier.de/rec/bib/journals/corr/CaoKY15},
	bibsource = {dblp computer science bibliography, http://dblp.org}
}

@inproceedings{constfmri,
 author = {Davidson, Ian and Gilpin, Sean and Carmichael, Owen and Walker, Peter},
 title = {Network Discovery via Constrained Tensor Analysis of fMRI Data},
 booktitle = {Proceedings of the 19th ACM SIGKDD International Conference on Knowledge Discovery and Data Mining},
 series = {KDD '13},
 year = {2013},
 isbn = {978-1-4503-2174-7},
 location = {Chicago, Illinois, USA},
 pages = {194--202},
 numpages = {9},
 url = {http://doi.acm.org/10.1145/2487575.2487619},
 doi = {10.1145/2487575.2487619},
 acmid = {2487619},
 publisher = {ACM},
 address = {New York, NY, USA},
 keywords = {cosntraints, fmri, tensor decomposition},
} 


@article{biomarkers,
 author = {Acar, Evrim and Gurdeniz, Gozde and Rasmussen, Morten A. and Rago, Daniela and Dragsted, Lars O. and Bro, Rasmus},
 title = {Coupled Matrix Factorization with Sparse Factors to Identify Potential Biomarkers in Metabolomics},
 journal = {Int. J. Knowl. Disc. Bioinfo.},
 issue_date = {July 2012},
 volume = {3},
 number = {3},
 month = jul,
 year = {2012},
 issn = {1947-9115},
 pages = {22--43},
 numpages = {22},
 url = {http://dx.doi.org/10.4018/jkdb.2012070102},
 doi = {10.4018/jkdb.2012070102},
 acmid = {2531950},
 publisher = {IGI Global},
 address = {Hershey, PA, USA},
} 


@MISC{allatonce,
    author = {Evrim Acar and Tamara G. Kolda and Daniel M. Dunlavy},
    title = {All-at-once Optimization for Coupled Matrix and Tensor Factorizations},
    year = {1105}
}

@inbook{turbosmt,
author = {Evangelos E. Papalexakis and Christos Faloutsos and Tom M. Mitchell and Partha Pratim Talukdar and Nicholas D. Sidiropoulos and Brian Murphy},
title = {Turbo-SMT: Accelerating Coupled Sparse Matrix-Tensor Factorizations by 200x},
booktitle = {Proceedings of the 2014 SIAM International Conference on Data Mining},
chapter = {14},
pages = {118-126},
doi = {10.1137/1.9781611973440.14},
URL = {http://epubs.siam.org/doi/abs/10.1137/1.9781611973440.14},
eprint = {http://epubs.siam.org/doi/pdf/10.1137/1.9781611973440.14}
}


% New Added, not cited in the paper yet ==================
% TODO: Add
@article{CalvinLV15,
  author    = {Justus A. Calvin and
               Cannada A. Lewis and
               Edward F. Valeev},
  title     = {Scalable Task-Based Algorithm for Multiplication of Block-Rank-Sparse
               Matrices},
  journal   = {CoRR},
  volume    = {abs/1509.00309},
  year      = {2015},
  url       = {http://arxiv.org/abs/1509.00309},
  timestamp = {Thu, 01 Oct 2015 14:28:48 +0200},
  biburl    = {http://dblp.uni-trier.de/rec/bib/journals/corr/CalvinLV15},
  bibsource = {dblp computer science bibliography, http://dblp.org}
}

@article{Lathauwer08decompositionsof-1,
author = {Lieven {De Lathauwer}},
title = {Decompositions of a Higher-Order Tensor in Block Terms—Part I: Lemmas for Partitioned Matrices},
journal = {SIAM Journal on Matrix Analysis and Applications},
volume = {30},
number = {3},
pages = {1022-1032},
year = {2008},
doi = {10.1137/060661685},
URL = {
        http://dx.doi.org/10.1137/060661685
},
eprint = {
        http://dx.doi.org/10.1137/060661685
}
}

%generalizes tucker, cp, block-term
@ARTICLE{Lathauwer08decompositionsof-2,
    author = {Lieven {De Lathauwer}},
    title = {Decompositions of a higher-order tensor in block terms -- Part II: Definitions and Uniqueness},
    journal = {SIAM J. Matrix Anal. Appl},
    year = {2008},
    volume = {30},
    number = {3},
    pages = {1033--1066}
}

@article{Lathauwer08decompositionsof-3,
author = {Lieven {De Lathauwer} and Dimitri Nion},
title = {Decompositions of a Higher-Order Tensor in Block Terms—Part III: Alternating Least Squares Algorithms},
journal = {SIAM Journal on Matrix Analysis and Applications},
volume = {30},
number = {3},
pages = {1067-1083},
year = {2008},
doi = {10.1137/070690730},
URL = {
        http://dx.doi.org/10.1137/070690730
},
eprint = {
        http://dx.doi.org/10.1137/070690730
}
}

% Another survey
@article{PapalexakisKFSH13,
  author    = {Evangelos E. Papalexakis and
               U. Kang and
               Christos Faloutsos and
               Nicholas D. Sidiropoulos and
               Abhay Harpale},
  title     = {Large Scale Tensor Decompositions: Algorithmic Developments and Applications},
  journal   = {{IEEE} Data Eng. Bull.},
  volume    = {36},
  number    = {3},
  pages     = {59--66},
  year      = {2013},
  url       = {http://sites.computer.org/debull/A13sept/p59.pdf},
  timestamp = {Tue, 19 Nov 2013 11:03:49 +0100},
  biburl    = {http://dblp.uni-trier.de/rec/bib/journals/debu/PapalexakisKFSH13},
  bibsource = {dblp computer science bibliography, http://dblp.org}
}

% Need to cited in Introduction section
@ARTICLE{CichockiSignalProc,
  author={Cichocki, A. and Mandic, D. and De Lathauwer, L. and Guoxu Zhou and Qibin Zhao and Caiafa, C. and Phan, H.A.},
  journal={Signal Processing Magazine, IEEE},
  title={Tensor Decompositions for Signal Processing Applications: From two-way to multiway component analysis},
  year={2015},
  month={March},
  volume={32},
  number={2},
  pages={145-163},
  keywords={Big Data;data analysis;matrix algebra;sensor fusion;tensors;big data sets;data analysis tools;mathematical backbone;multilinear algebra;multisensor technology;multiway arrays;multiway component analysis;signal processing applications;standard flat-view matrix models;tensor decompositions;two-way component analysis;Big data;Data analysis;Data models;Matrix decomposition;Sensors;Tensile stress},
  doi={10.1109/MSP.2013.2297439},
  ISSN={1053-5888},}

% Another Survey to cite
@article{comon:hal-00923279,
  TITLE = {{Tensors: a Brief Introduction}},
  AUTHOR = {Comon, Pierre},
  URL = {https://hal.archives-ouvertes.fr/hal-00923279},
  JOURNAL = {{IEEE Signal Processing Magazine}},
  PUBLISHER = {{Institute of Electrical and Electronics Engineers}},
  VOLUME = {31},
  NUMBER = {3},
  PAGES = {44-53},
  YEAR = {2014},
  MONTH = May,
  DOI = {10.1109/MSP.2014.2298533},
  KEYWORDS = {tensor ; blind source separation ; CP decomposition ; polynomial ; polyadic ; Waring},
  PDF = {https://hal.archives-ouvertes.fr/hal-00923279/file/spmag19.pdf},
  HAL_ID = {hal-00923279},
  HAL_VERSION = {v4},
}

% Web Links Analysis (Rating) -- TOPHITS
@inproceedings{tophits,
    author = {Kolda, Tamara G. and Bader, Brett W.},
    booktitle = {Workshop on link analysis, counterterrorism and security},
    citeulike-article-id = {12533903},
    keywords = {centrality, complex\_network, multiplex, multislice},
    pages = {26--29},
    posted-at = {2013-07-29 13:39:25},
    priority = {2},
    title = {{The TOPHITS model for higher-order web link analysis}},
    volume = {7},
    year = {2006}
}

% Another App Paper
@article{Nakatsuji2016224,
title = "Semantic sensitive tensor factorization ",
journal = "Artificial Intelligence ",
volume = "230",
number = "",
pages = "224 - 245",
year = "2016",
note = "",
issn = "0004-3702",
doi = "http://dx.doi.org/10.1016/j.artint.2015.09.001",
url = "http://www.sciencedirect.com/science/article/pii/S000437021500137X",
author = "Makoto Nakatsuji and Hiroyuki Toda and Hiroshi Sawada and Jin Guang Zheng and James A. Hendler",
keywords = "Tensor factorization",
keywords = "Linked open data",
keywords = "Recommendation systems "
}

% Another App Paper
@article{DBLP:journals/corr/GleichLY14,
  author    = {David F. Gleich and
               Lek{-}Heng Lim and
               Yongyang Yu},
  title     = {Multilinear PageRank},
  journal   = {CoRR},
  volume    = {abs/1409.1465},
  year      = {2014},
  url       = {http://arxiv.org/abs/1409.1465},
  timestamp = {Wed, 01 Oct 2014 15:00:04 +0200},
  biburl    = {http://dblp.uni-trier.de/rec/bib/journals/corr/GleichLY14},
  bibsource = {dblp computer science bibliography, http://dblp.org}
}


% End of new added. ========================

@inproceedings{schein,
 author = {Schein, Aaron and Paisley, John and Blei, David M. and Wallach, Hanna},
 title = {Bayesian Poisson Tensor Factorization for Inferring Multilateral Relations from Sparse Dyadic Event Counts},
 booktitle = {Proceedings of the 21th ACM SIGKDD International Conference on Knowledge Discovery and Data Mining},
 series = {KDD '15},
 year = {2015},
 isbn = {978-1-4503-3664-2},
 location = {Sydney, NSW, Australia},
 pages = {1045--1054},
 numpages = {10},
 url = {http://doi.acm.org/10.1145/2783258.2783414},
 doi = {10.1145/2783258.2783414},
 acmid = {2783414},
 publisher = {ACM},
 address = {New York, NY, USA},
 keywords = {bayesian inference, dyadic data, international relations, poisson tensor factorization},
}

@ARTICLE{cichockisp,
author={Cichocki, A. and Mandic, D. and De Lathauwer, L. and Guoxu Zhou and Qibin Zhao and Caiafa, C. and Phan, H.A.},
journal={Signal Processing Magazine, IEEE},
title={Tensor Decompositions for Signal Processing Applications: From two-way to multiway component analysis},
year={2015},
volume={32},
number={2},
pages={145-163},
keywords={Big Data;data analysis;matrix algebra;sensor fusion;tensors;big data sets;data analysis tools;mathematical backbone;multilinear algebra;multisensor technology;multiway arrays;multiway component analysis;signal processing applications;standard flat-view matrix models;tensor decompositions;two-way component analysis;Big data;Data analysis;Data models;Matrix decomposition;Sensors;Tensile stress},
doi={10.1109/MSP.2013.2297439},
ISSN={1053-5888},
month={March},}
%
@INPROCEEDINGS{coding,
author={Shashua, A. and Levin, A.},
booktitle={Computer Vision and Pattern Recognition, 2001. CVPR 2001. Proceedings of the 2001 IEEE Computer Society Conference on},
title={Linear image coding for regression and classification using the tensor-rank principle},
year={2001},
volume={1},
pages={I-42-I-49 vol.1},
keywords={image classification;image coding;image representation;matrix algebra;singular value decomposition;SVD decomposition;dimensionality reduction;functional approximation;functional classification;image space;images collection;linear image coding;matrix representations;tensor-rank approximation;tensor-rank coding;tensor-rank principle;training examples;Computer science;Computer vision;Decorrelation;Face recognition;Image coding;Image recognition;Independent component analysis;Matrix decomposition;Principal component analysis;Tensile stress},
doi={10.1109/CVPR.2001.990454},
ISSN={1063-6919},
month={},}

@INPROCEEDINGS{gait,
    author = {M. Alex O. Vasilescu},
    title = {Human Motion Signatures: Analysis, Synthesis, Recognition},
    booktitle = {IN PROCEEDINGS OF THE INTERNATIONAL CONFERENCE ON PATTERN RECOGNITION (ICPR’02)},
    year = {2002},
    pages = {456--460},
    publisher = {}
}

@incollection{tag0,
year={2006},
isbn={978-3-540-31142-3},
booktitle={Frontiers of WWW Research and Development - APWeb 2006},
volume={3841},
series={Lecture Notes in Computer Science},
editor={Zhou, Xiaofang and Li, Jianzhong and Shen, HengTao and Kitsuregawa, Masaru and Zhang, Yanchun},
doi={10.1007/11610113_66},
title={Cubic Analysis of Social Bookmarking for Personalized Recommendation},
url={http://dx.doi.org/10.1007/11610113_66},
publisher={Springer Berlin Heidelberg},
author={Xu, Yanfei and Zhang, Liang and Liu, Wei},
pages={733-738},
language={English}
}


@article{mitll,
title = "Social Network Analysis with Content and Graphs",
journal = "Lincoln Laboratory Journal",
volume = "20",
number = "1",
pages = "62 - 81",
year = "2013",
note = "",
author = "William M. Campbell and Charlie K. Dagli and Clifford J. Weinstein",
}


@article{MSL,
title = "A survey of multilinear subspace learning for tensor data ",
journal = "Pattern Recognition ",
volume = "44",
number = "7",
pages = "1540 - 1551",
year = "2011",
note = "",
issn = "0031-3203",
doi = "http://dx.doi.org/10.1016/j.patcog.2011.01.004",
url = "http://www.sciencedirect.com/science/article/pii/S0031320311000136",
author = "Haiping Lu and Konstantinos N. Plataniotis and Anastasios N. Venetsanopoulos",
keywords = "Subspace learning",
keywords = "Dimensionality reduction",
keywords = "Feature extraction",
keywords = "Multidimensional data",
keywords = "Tensor",
keywords = "Multilinear",
keywords = "Survey",
keywords = "Taxonomy "
}


@ARTICLE{acarsurvey,
author={Acar, E. and Yener, B.},
journal={Knowledge and Data Engineering, IEEE Transactions on},
title={Unsupervised Multiway Data Analysis: A Literature Survey},
year={2009},
volume={21},
number={1},
pages={6-20},
keywords={data analysis;singular value decomposition;computer vision;exploratory analysis tool;higher-order singular value decomposition;multimodal datasets;social network analysis;text mining;two-way analysis techniques;unsupervised multiway data analysis;Introductory and Survey;Mining methods and algorithms;Models;Singular value decomposition},
doi={10.1109/TKDE.2008.112},
ISSN={1041-4347},
month={Jan},}

@ARTICLE{paratuck,
title = {Uniqueness proof for a family of models sharing features of Tucker's three-mode factor analysis and PARAFAC/candecomp},
author = {Harshman, Richard and Lundy, Margaret},
year = {1996},
journal = {Psychometrika},
volume = {61},
number = {1},
pages = {133-154},
keywords = {Parallel proportional profiles; intrinsic axes; DEDICOM; PARAFAC2; Cattell; trilinear models; quadrilinear models; factor rotation problem; multidimensional scaling; principal components; oblique confactor},
url = {http://EconPapers.repec.org/RePEc:spr:psycho:v:61:y:1996:i:1:p:133-154}
}

@article{parafac2,
  added-at = {2006-10-25T17:45:20.000+0200},
  author = {Harshman, R. A.},
  biburl = {http://www.bibsonomy.org/bibtex/2a964ff885ba59d4c7be518a3914f737a/threemode},
  description = {papers on three-mode analysis},
  interhash = {5ab627591c2b7f0ee88d558195616729},
  intrahash = {a964ff885ba59d4c7be518a3914f737a},
  journal = {UCLA Working Papers in Phonetics},
  keywords = {data mode threemode three analysis},
  pages = {30--44},
  timestamp = {2006-10-25T17:45:20.000+0200},
  title = {{P}{A}{R}{A}{F}{A}{C}2: {M}athematical and technical notes},
  volume = 22,
  year = {1972b}
}


@inproceedings{wang2015rubik,
	title={Rubik: Knowledge guided tensor factorization and completion for health data analytics},
	author={Wang, Yichen and Chen, Robert and Ghosh, Joydeep and Denny, Joshua C and Kho, Abel and Chen, You and Malin, Bradley A and Sun, Jimeng},
	booktitle={Proceedings of the 21th ACM SIGKDD International Conference on Knowledge Discovery and Data Mining},
	pages={1265--1274},
	year={2015},
	organization={ACM}
}

@article{chi2012tensors,
	title={On tensors, sparsity, and nonnegative factorizations},
	author={Chi, Eric C and Kolda, Tamara G},
	journal={SIAM Journal on Matrix Analysis and Applications},
	volume={33},
	number={4},
	pages={1272--1299},
	year={2012},
	publisher={SIAM}
}

@article{benson2015tensor,
	title={Tensor Spectral Clustering for Partitioning Higher-order Network Structures},
	author={Benson, Austin R and Gleich, David F and Leskovec, Jure},
	journal={arXiv preprint arXiv:1502.05058},
	year={2015}
}

@inproceedings{sun2009multivis,
	title={MultiVis: Content-Based Social Network Exploration through Multi-way Visual Analysis.},
	author={Sun, Jimeng and Papadimitriou, Spiros and Lin, Ching-Yung and Cao, Nan and Liu, Shixia and Qian, Weihong},
	booktitle={SDM},
	volume={9},
	pages={1063--1074},
	year={2009},
	organization={SIAM}
}

@article{acar2011scalable,
	title={Scalable tensor factorizations for incomplete data},
	author={Acar, Evrim and Dunlavy, Daniel M and Kolda, Tamara G and M{\o}rup, Morten},
	journal={Chemometrics and Intelligent Laboratory Systems},
	volume={106},
	number={1},
	pages={41--56},
	year={2011},
	publisher={Elsevier}
}

@article{CANDELINC,
  added-at = {2006-10-25T16:01:01.000+0200},
  author = {Carroll, J. D. and Pruzansky, S. and Kruskal, J. B.},
  biburl = {http://puma.uni-kassel.de/bibtex/2118d0743559d5008f766a3d12e04c4f4/stumme},
  description = {Publication listed at the Leiden Three-Mode Company},
  interhash = {146033e3b0f4013e1cb117bdeb00da0f},
  intrahash = {118d0743559d5008f766a3d12e04c4f4},
  journal = {Psychometrika},
  keywords = {imported},
  pages = {3--24},
  timestamp = {2006-10-25T16:01:01.000+0200},
  title = {{C}{A}{N}{D}{E}{L}{I}{N}{C}: {A} general approach to multidimensional analysis of many-way arrays with linear constraints on parameters},
  volume = 45,
  year = 1980
}

@article{PARAFAC,
    author = {Harshman, R. A.},
    citeulike-article-id = {3806251},
    journal = {UCLA Working Papers in Phonetics},
    keywords = {file-import-08-12-18},
    number = {1},
    pages = {84},
    posted-at = {2008-12-18 16:43:27},
    priority = {2},
    title = {{Foundations of the PARAFAC procedure: Models and conditions for an" explanatory" multi-modal factor analysis}},
    volume = {16},
    year = {1970}
}

@inproceedings{multiverse,
 author = {Karatzoglou, Alexandros and Amatriain, Xavier and Baltrunas, Linas and Oliver, Nuria},
 title = {Multiverse Recommendation: N-dimensional Tensor Factorization for Context-aware Collaborative Filtering},
 booktitle = {Proceedings of the Fourth ACM Conference on Recommender Systems},
 series = {RecSys '10},
 year = {2010},
 isbn = {978-1-60558-906-0},
 location = {Barcelona, Spain},
 pages = {79--86},
 numpages = {8},
 url = {http://doi.acm.org/10.1145/1864708.1864727},
 doi = {10.1145/1864708.1864727},
 acmid = {1864727},
 publisher = {ACM},
 address = {New York, NY, USA},
 keywords = {collaborative filtering, context, tensor factorization},
}

@inproceedings{papalexakis2011co,
	title={Co-clustering as multilinear decomposition with sparse latent factors},
	author={Papalexakis, Evangelos E and Sidiropoulos, Nicholas D},
	booktitle={Acoustics, Speech and Signal Processing (ICASSP), 2011 IEEE International Conference on},
	pages={2064--2067},
	year={2011},
	organization={IEEE}
}

@inproceedings{tagrec,
 author = {Rendle, Steffen and Balby Marinho, Leandro and Nanopoulos, Alexandros and Schmidt-Thieme, Lars},
 title = {Learning Optimal Ranking with Tensor Factorization for Tag Recommendation},
 booktitle = {Proceedings of the 15th ACM SIGKDD International Conference on Knowledge Discovery and Data Mining},
 series = {KDD '09},
 year = {2009},
 isbn = {978-1-60558-495-9},
 location = {Paris, France},
 pages = {727--736},
 numpages = {10},
 url = {http://doi.acm.org/10.1145/1557019.1557100},
 doi = {10.1145/1557019.1557100},
 acmid = {1557100},
 publisher = {ACM},
 address = {New York, NY, USA},
 keywords = {ranking, tag recommendation, tensor factorization},
}



=======
% =================================
% Add by jli

@Misc{scikit-tensor-web,
  author =   {Maximilian Nickel},
  title =  {scikit-tensor Library ({V}ersion 0.1)},
  month = {November},
  year = {2013},
  howpublished = {Available from \url{https://pypi.python.org/pypi/scikit-tensor}}
}

@Misc{numpy-web,
  author =   {},
  title =  {{NumPy} ({V}ersion 1.10.4)},
  month = {Jan},
  year = {2016},
  howpublished = {Available from \url{http://www.numpy.org}}
}

@ARTICLE{numpy-paper, 
author={Oliphant, Travis E.}, 
journal={Computing in Science Engineering}, 
title={Python for Scientific Computing}, 
year={2007}, 
volume={9}, 
number={3}, 
pages={10-20}, 
keywords={high level languages;Python;high-level language;scientific codes;scientific computing;steering language;Application software;Embedded software;High level languages;Internet;Libraries;Prototypes;Scientific computing;Software standards;Standards development;Writing;Python;computer languages;scientific computing;scientific programming}, 
doi={10.1109/MCSE.2007.58}, 
ISSN={1521-9615}, 
month={May},}

@ARTICLE{numpy, 
author={van der Walt, S. and Colbert, S.C. and Varoquaux, G.}, 
journal={Computing in Science Engineering}, 
title={The {NumPy} Array: A Structure for Efficient Numerical Computation}, 
year={2011}, 
volume={13}, 
number={2}, 
pages={22-30}, 
keywords={data structures;high level languages;mathematics computing;numerical analysis;Python programming language;high level language;numerical computation;numerical data;numpy array;Arrays;Computational efficiency;Finite element methods;Numerical analysis;Performance evaluation;Resource management;Vector quantization;NumPy;Python;numerical computations;programming libraries;scientific programming}, 
doi={10.1109/MCSE.2011.37}, 
ISSN={1521-9615}, 
month={March},
}

@inproceedings{Baskaran_2015, 
  author    = {Muthu Baskaran and
               Beno{^i}t Meister and
               Richard Lethin and
               Jonathan Cai},
  title     = {Optimization of Symmetric Tensor Computations},
  booktitle = {IEEE Conference on High Performance Extreme Computing (HPEC),
               Waltham, MA, USA},
  publisher = {IEEE, September},
  year      = {2015},
  month     = {Sep},
  url       = {https://www.reservoir.com/wp-content/uploads/2015/09/29_57-Optimization-Symmetric-Cai-3839101.pdf}}

%SIAL
@INPROCEEDINGS{SIAL, 
author={Sanders, B.A. and Bartlett, R. and Deumens, E. and Lotrich, V. and Ponton, M.}, 
booktitle={High Performance Computing, Networking, Storage and Analysis (SC), 2010 International Conference for}, 
title={A Block-Oriented Language and Runtime System for Tensor Algebra with Very Large Arrays}, 
year={2010}, 
pages={1-11}, 
keywords={parallel programming;programming languages;software packages;tensors;ACES III;SIAL;block-oriented language;computational chemistry;coupled cluster methods;domain specific programming language;floating point numbers;multidimensional arrays;parallel programming environment;runtime system SIP;software package;super instruction architecture;tensor algebra;very large arrays;Arrays;Chemistry;Indexes;Memory management;Runtime;Tensile stress}, 
doi={10.1109/SC.2010.3}, 
month={Nov}
}

%TiledArrary paper
@inproceedings{Calvin:2015,
 author = {Calvin, Justus A. and Lewis, Cannada A. and Valeev, Edward F.},
 title = {Scalable Task-based Algorithm for Multiplication of Block-rank-sparse Matrices},
 booktitle = {Proceedings of the 5th Workshop on Irregular Applications: Architectures and Algorithms},
 series = {IA3 '15},
 year = {2015},
 isbn = {978-1-4503-4001-4},
 location = {Austin, Texas},
 pages = {4:1--4:8},
 articleno = {4},
 numpages = {8},
 url = {http://doi.acm.org/10.1145/2833179.2833186},
 doi = {10.1145/2833179.2833186},
 acmid = {2833186},
 publisher = {ACM},
 address = {New York, NY, USA},
 keywords = {H matrix, SUMMA, distributed memory, irregular computation, low-rank decomposition, matrix multiplication, rank-structured, matrix, semiseparable matrix, task parallelism, tensor contraction},
}

% Tensors-paper
@article{tensors_paper_1,
title = "Automatic substepping integration of the subloading tij model with stress path dependent hardening ",
journal = "Computers and Geotechnics ",
volume = "36",
number = "4",
pages = "537 - 548",
year = "2009",
note = "",
issn = "0266-352X",
doi = "http://dx.doi.org/10.1016/j.compgeo.2008.11.003",
url = "http://www.sciencedirect.com/science/article/pii/S0266352X0800147X",
author = "Márcio M. Farias and Dorival M. Pedroso and Teruo Nakai",
keywords = "Constitutive models",
keywords = "Elastoplasticity",
keywords = "Stress path dependent hardening",
keywords = "Numerical integration",
keywords = "Automatic substepping",
keywords = "Explicit schemes",
keywords = "Runge–Kutta method "
}

% CTF
@article{tensors_paper_2,
  title={An interpretation of subloading tij model in the context of conventional elastoplasticity theory},
  author={Pedroso, Dorival M. and Farias, Marcio M. and Nakai, Teruo},
  journal={Soils and Foundations},
  volume={45},
  number={4},
  pages={61-77},
  year={2005},
  publisher={Japanese Geotechnical Society}
}

% CTF
@article{solomonik2014massively,
  title={A massively parallel tensor contraction framework for coupled-cluster
computations},
  author={Solomonik, Edgar and Matthews, Devin and Hammond, Jeff R and
Stanton, John F and Demmel, James},
  journal={Journal of Parallel and Distributed Computing},
  volume={74},
  number={12},
  pages={3176--3190},
  year={2014},
  publisher={Academic Press}
}

% tensor contraction network
@ARTICLE{Pfeifer:2014,
   author = {{Pfeifer}, R.~N.~C. and {Haegeman}, J. and {Verstraete}, F.},
    title = "{Faster identification of optimal contraction sequences for tensor networks}",
  journal = {ArXiv e-prints},
archivePrefix = "arXiv",
   eprint = {1304.6112},
 primaryClass = "cond-mat.str-el",
 keywords = {Computational techniques, simulations, Quantum statistical mechanics, Quantum information},
     year = 2014,
    month = sep,
   volume = 90,
   number = 3,
      eid = {033315},
    pages = {033315},
      doi = {10.1103/PhysRevE.90.033315},
   adsurl = {http://adsabs.harvard.edu/abs/2014PhRvE..90c3315P},
  adsnote = {Provided by the SAO/NASA Astrophysics Data System}
}

% tensor contraction network
@ARTICLE{ncon,
   author = {{Pfeifer}, R.~N.~C. and {Evenbly}, G. and {Singh}, S. and {Vidal}, G.},
    title = "{NCON: A tensor network contractor for MATLAB}",
  journal = {ArXiv e-prints},
archivePrefix = "arXiv",
   eprint = {1402.0939},
 primaryClass = "physics.comp-ph",
 keywords = {Physics - Computational Physics, Condensed Matter - Strongly Correlated Electrons, Quantum Physics},
     year = 2014,
    month = feb,
   adsurl = {http://adsabs.harvard.edu/abs/2014arXiv1402.0939P},
  adsnote = {Provided by the SAO/NASA Astrophysics Data System}
}

% OSKI
@INPROCEEDINGS{OSKI,
    author = {Richard Vuduc and James W Demmel and Katherine A Yelick},
    title = {OSKI: A library of automatically tuned sparse matrix kernels},
    booktitle = {Institute of Physics Publishing},
    year = {2005}
}

%ATLAS
@techreport{ATLAS,
 author = {J.Dongarra, R. C},
 title = {Automatically Tuned Linear Algebra Software},
 year = {1997},
 source = {http://www.ncstrl.org:8900/ncstrl/servlet/search?formname=detail\&id=oai%3Ancstrlh%3Autk_cs%3Ancstrl.utk_cs%2F%2FUT-CS-97-366},
 publisher = {University of Tennessee},
 address = {Knoxville, TN, USA},
} 

@phdthesis{Williams:EECS-2008-164,
    Author = {Williams, Samuel Webb},
    Title = {Auto-tuning Performance on Multicore Computers},
    School = {EECS Department, University of California, Berkeley},
    Year = {2008},
    Month = {Dec},
    URL = {http://www.eecs.berkeley.edu/Pubs/TechRpts/2008/EECS-2008-164.html},
    Number = {UCB/EECS-2008-164}
}

% SpMV with preprocessing
@article{Yang:2011,
 author = {Yang, Xintian and Parthasarathy, Srinivasan and Sadayappan, P.},
 title = {Fast Sparse Matrix-vector Multiplication on GPUs: Implications for Graph Mining},
 journal = {Proc. VLDB Endow.},
 issue_date = {January 2011},
 volume = {4},
 number = {4},
 month = jan,
 year = {2011},
 issn = {2150-8097},
 pages = {231--242},
 numpages = {12},
 url = {http://dx.doi.org/10.14778/1938545.1938548},
 doi = {10.14778/1938545.1938548},
 acmid = {1938548},
 publisher = {VLDB Endowment},
}

% SpMV with preprocessing
@inproceedings{Choi:2010,
 author = {Choi, Jee W. and Singh, Amik and Vuduc, Richard W.},
 title = {Model-driven Autotuning of Sparse Matrix-vector Multiply on GPUs},
 booktitle = {Proceedings of the 15th ACM SIGPLAN Symposium on Principles and Practice of Parallel Programming},
 series = {PPoPP '10},
 year = {2010},
 isbn = {978-1-60558-877-3},
 location = {Bangalore, India},
 pages = {115--126},
 numpages = {12},
 url = {http://doi.acm.org/10.1145/1693453.1693471},
 doi = {10.1145/1693453.1693471},
 acmid = {1693471},
 publisher = {ACM},
 address = {New York, NY, USA},
 keywords = {gpu, performance modeling, sparse matrix-vector multiplication},
} 

%SpMV
@inproceedings{SMAT,
 author = {Li, Jiajia and Tan, Guangming and Chen, Mingyu and Sun, Ninghui},
 title = {SMAT: An Input Adaptive Auto-tuner for Sparse Matrix-vector Multiplication},
 booktitle = {Proceedings of the 34th ACM SIGPLAN Conference on Programming Language Design and Implementation},
 series = {PLDI '13},
 year = {2013},
 isbn = {978-1-4503-2014-6},
 location = {Seattle, Washington, USA},
 pages = {117--126},
 numpages = {10},
 url = {http://doi.acm.org/10.1145/2491956.2462181},
 doi = {10.1145/2491956.2462181},
 acmid = {2462181},
 publisher = {ACM},
 address = {New York, NY, USA},
 keywords = {SpMV, algebraic multi-grid, auto-tuning, data mining, sparse matrix-vector multiplication},
} 

% SpMV 
@inproceedings{Su:2012,
 author = {Su, Bor-Yiing and Keutzer, Kurt},
 title = {clSpMV: A Cross-Platform OpenCL SpMV Framework on GPUs},
 booktitle = {Proceedings of the 26th ACM International Conference on Supercomputing},
 series = {ICS '12},
 year = {2012},
 isbn = {978-1-4503-1316-2},
 location = {San Servolo Island, Venice, Italy},
 pages = {353--364},
 numpages = {12},
 url = {http://doi.acm.org/10.1145/2304576.2304624},
 doi = {10.1145/2304576.2304624},
 acmid = {2304624},
 publisher = {ACM},
 address = {New York, NY, USA},
 keywords = {GPU, OpenCL, SpMV, autotuner, clSpMV, cocktail format, sparse matrix format},
} 

% SpMV with preprocessing
@inproceedings{Kourtis:2011,
 author = {Kourtis, Kornilios and Karakasis, Vasileios and Goumas, Georgios and Koziris, Nectarios},
 title = {CSX: An Extended Compression Format for Spmv on Shared Memory Systems},
 booktitle = {Proceedings of the 16th ACM Symposium on Principles and Practice of Parallel Programming},
 series = {PPoPP '11},
 year = {2011},
 isbn = {978-1-4503-0119-0},
 location = {San Antonio, TX, USA},
 pages = {247--256},
 numpages = {10},
 url = {http://doi.acm.org/10.1145/1941553.1941587},
 doi = {10.1145/1941553.1941587},
 acmid = {1941587},
 publisher = {ACM},
 address = {New York, NY, USA},
 keywords = {compression, shared memory, smp, sparse matrix-vector multiplication, spmv},
}

%Space filling curves
@article{BUTZ1968314,
title = "Space filling curves and mathematical programming",
journal = "Information and Control",
volume = "12",
number = "4",
pages = "314 - 330",
year = "1968",
note = "",
issn = "0019-9958",
doi = "http://dx.doi.org/10.1016/S0019-9958(68)90367-7",
url = "http://www.sciencedirect.com/science/article/pii/S0019995868903677",
author = "Arthur R. Butz",

}

% Rich's thesis.
@phdthesis{Vuduc:2004uz,
  address = {Berkeley, CA, USA},
  author = {Richard W. Vuduc},
  date-added = {2009-02-26 18:24:00 -0500},
  date-modified = {2010-05-30 12:48:32 -0400},
  month = {January},
  school = {University of California},
  title = {Automatic performance tuning of sparse matrix kernels},
  topic = {performance analysis; performance modeling; performance optimization; autotuning; sparse linear algebra; statistical models},
  url = {http://bebop.cs.berkeley.edu/pubs/vuduc2003-dissertation.pdf},
  year = {2004},
  bdsk-file-1 = {YnBsaXN0MDDUAQIDBAUGJCVYJHZlcnNpb25YJG9iamVjdHNZJGFyY2hpdmVyVCR0b3ASAAGGoKgHCBMUFRYaIVUkbnVsbNMJCgsMDxJXTlMua2V5c1pOUy5vYmplY3RzViRjbGFzc6INDoACgAOiEBGABIAFgAdccmVsYXRpdmVQYXRoWWFsaWFzRGF0YV8QG3BhcGVyLXJlcG8vVnVkdWMtMjAwNHV6LnBkZtIXCxgZV05TLmRhdGFPEQGyAAAAAAGyAAIAAAxNYWNpbnRvc2ggSEQAAAAAAAAAAAAAAAAAAADD4wpWSCsAAAA6fe8QVnVkdWMtMjAwNHV6LnBkZgAAAAAAAAAAAAAAAAAAAAAAAAAAAAAAAAAAAAAAAAAAAAAAAAAAAAAAAAAAAAAAADrcrMXMjuEAAAAAAAAAAAABAAMAAAkgAAAAAAAAAAAAAAAAAAAACnBhcGVyLXJlcG8AEAAIAADD41CmAAAAEQAIAADFzNUxAAAAAQAUADp97wA6fNUACqTDAAqkrAAAetwAAgBJTWFjaW50b3NoIEhEOlVzZXJzOgByaWNoaWU6AERvY3VtZW50czoAYmliczoAcGFwZXItcmVwbzoAVnVkdWMtMjAwNHV6LnBkZgAADgAiABAAVgB1AGQAdQBjAC0AMgAwADAANAB1AHoALgBwAGQAZgAPABoADABNAGEAYwBpAG4AdABvAHMAaAAgAEgARAASADdVc2Vycy9yaWNoaWUvRG9jdW1lbnRzL2JpYnMvcGFwZXItcmVwby9WdWR1Yy0yMDA0dXoucGRmAAATAAEvAAAVAAIADf//AACABtIbHB0eWiRjbGFzc25hbWVYJGNsYXNzZXNdTlNNdXRhYmxlRGF0YaMdHyBWTlNEYXRhWE5TT2JqZWN00hscIiNcTlNEaWN0aW9uYXJ5oiIgXxAPTlNLZXllZEFyY2hpdmVy0SYnVHJvb3SAAQAIABEAGgAjAC0AMgA3AEAARgBNAFUAYABnAGoAbABuAHEAcwB1AHcAhACOAKwAsQC5Am8CcQJ2AoECigKYApwCowKsArECvgLBAtMC1gLbAAAAAAAAAgEAAAAAAAAAKAAAAAAAAAAAAAAAAAAAAt0=},
  bdsk-url-1 = {http://bebop.cs.berkeley.edu/pubs/vuduc2003-dissertation.pdf}
}

%sparse EKMR 
@ARTICLE{EKMRSparse,
author={Chun-Yuan Lin and Yeh-Ching Chung and Jen-Shiuh Liu},
journal={Computers, IEEE Transactions on},
title={Efficient data compression methods for multidimensional sparse array operations based on the EKMR scheme},
year={2003},
month={Dec},
volume={52},
number={12},
pages={1640-1646},
keywords={computational complexity;data compression;matrix multiplication;parallel processing;sparse matrices;ECCS;ECRS;EKMR scheme;data compression method;extended Karnaugh map representation;matrix-matrix addition;matrix-matrix multiplication;multidimensional sparse array operation;space complexity;time complexity;Carbon capture and storage;Computer Society;Costs;Data compression;Finite element methods;Multidimensional systems;Sparse matrices;Testing;Usability},
doi={10.1109/TC.2003.1252859},
ISSN={0018-9340},}

%sparse EKMR 
@article{EKMR_sparse,
year={2005},
issn={0920-8542},
journal={The Journal of Supercomputing},
volume={34},
number={3},
doi={10.1007/s11227-005-0788-8},
title={Efficient Data Distribution Schemes for EKMR-Based Sparse Arrays on Distributed Memory Multicomputers},
url={http://dx.doi.org/10.1007/s11227-005-0788-8},
publisher={Kluwer Academic Publishers},
keywords={Karnaugh map; data distribution schemes; data compression methods; partition methods; sparse ratio},
author={Lin, Chun-Yuan and Chung, Yeh-Ching and Liu, Jen-Shiuh},
pages={291-313},
language={English}
}

%EKMR extension
@ARTICLE{1214316,
author={Chun-Yuan Lin and Yeh-Ching Chung and Jen-Shiuh Liu},
journal={Parallel and Distributed Systems, IEEE Transactions on},
title={Efficient data parallel algorithms for multidimensional array operations based on the EKMR scheme for distributed memory multicomputers},
year={2003},
volume={14},
number={7},
pages={625-639},
keywords={distributed processing;multiprocessing systems;parallel algorithms;2D mesh distribution;Karnaugh map;array operation;data distribution;data parallel algorithm;distributed memory multicomputers;multidimensional array;traditional matrix representation;Algorithm design and analysis;Atmosphere;Atmospheric modeling;Concurrent computing;Distributed computing;Finite element methods;Multidimensional systems;Oceans;Parallel algorithms;Phased arrays},
doi={10.1109/TPDS.2003.1214316},
ISSN={1045-9219},
month={July},
}

%EKMR - similar with the orginal paper
@article{Prakash_2011,
  author = {Satya Prakash and Anil K. Ahlawat},
  title = {A New Approach for Representation of Multi-dimensional Matrix Multiplication Operations},
  journal = {International Journal of Computer Applications},
  year = {2011},
  volume = {29},
  number = {8},
  pages = {37-43},
  month = {September},
  note = {Full text available}
}

@article{doi:10.1021/ct100531j,
author = {Arvind Ramanathan and Ji Oh Yoo and Christopher J. Langmead},
title = {On-the-Fly Identification of Conformational Substates from Molecular Dynamics Simulations},
journal = {Journal of Chemical Theory and Computation},
volume = {7},
number = {3},
pages = {778-789},
year = {2011},
doi = {10.1021/ct100531j},
    note ={PMID: 26596308},

URL = {
        http://dx.doi.org/10.1021/ct100531j
},
eprint = {
        http://dx.doi.org/10.1021/ct100531j
}
}

@INPROCEEDINGS{Ozog:2013,
author={Ozog, D. and Hammond, J. R. and Dinan, J. and Balaji, P. and Shende, S. and Malony, A.},
booktitle={Parallel Processing (ICPP), 2013 42nd International Conference on},
title={Inspector-Executor Load Balancing Algorithms for Block-Sparse Tensor Contractions},
year={2013},
pages={30-39},
keywords={chemistry computing;resource allocation;scheduling;InfiniBand cluster;NWChem computational chemistry code;block-sparse tensor contractions;dynamic scheduling algorithms;inspector-executor load balancing algorithms;kernel execution times;operating system noise;sparsity degree;static partitioning techniques;static scheduling algorithms;task scheduling;transient network contention;Computational efficiency;Computational modeling;Load management;Load modeling;Radiation detectors;Tensile stress;Tiles;Dynamic Load Balancing;Global Arrays;Quantum Chemistry;Static Partitioning;Tensor Contractions},
doi={10.1109/ICPP.2013.12},
ISSN={0190-3918},
month={Oct},}

@article{Martin-TR,
 author = {Schatz, Martin D.},
 title = {Anatomy of Parallel Computation with Tensors},
 journal = {The University of Texas at Austin, Department of Computer Science Report},
 month = Dec,
 year = {2013},
 numpages = {38},
}

% Tucker decomp, parallel storage
@article{Austin:2015,
  author    = {Woody Austin and
               Grey Ballard and
               Tamara G. Kolda},
  title     = {Parallel Tensor Compression for Large-Scale Scientific Data},
  journal   = {CoRR},
  volume    = {abs/1510.06689},
  year      = {2015},
  url       = {http://arxiv.org/abs/1510.06689},
  timestamp = {Sun, 01 Nov 2015 17:30:45 +0100},
  biburl    = {http://dblp.uni-trier.de/rec/bib/journals/corr/AustinBK15},
  bibsource = {dblp computer science bibliography, http://dblp.org}
}

@Misc{tiledarray,
  author =   {Calvin, Justus A. and Valeev, Edward F.},
  title =  {{TiledArray}: A general-purpose scalable block-sparse tensor library ({V}ersion v0.4.4-alpha)},
  month = {Aug},
  year = {2015},
  howpublished = {Available from \url{https://github.com/valeevgroup/tiledarray}}
}

@Misc{BTAS,
  author =   {Edward Valeev and Naoki Nakatani and Miles Stoudenmire and Toru Shiozaki and Garnet Chan},
  title =  {{Basic Tensor Algebra Subroutines} ({V}ersion v0.0.1)},
  month = {},
  year = {2015},
  howpublished = {Available from \url{http://itensor.org/btas/}}
}

@Misc{vmmlib-old,
  author =   {Ballester, Rafael},
  title =  {vmmlib - a templatized C++ vector and matrix math library},
  howpublished = {\url{http://vmml.github.io/vmmlib/}}
}

@misc{vmmlib,
  Institution = {Visualization and MultiMedia Lab, University of Z{\"u}rich},
  Keywords = {mathematics, tensor approximation},
  Title = {vmmlib: {A templatized C++ Vector and Matrix Math Library} ({V}ersion 1.6)},
  year = {2015},
  Howpublished = {Available from \url{http://vmml.github.io/vmmlib/}}
}

@article{BSP:15,
  author = {Ballester-Ripoll, Rafael and Suter, Susanne K. and Pajarola, Renato},
  title = {Analysis of Tensor Approximation for Compression-Domain Volume Visualization},
  journal = {Computers \& Graphics},
  volume = {47},
  pages = {34--47},
  year = {2015},
  keywords = {visualization, tensor approximation, multiresolution, volume rendering, level-of-detail}
}


@Misc{Dynare,
  author    = {Kamenik, Ondra},
  title     = {DSGE Models with Dynare++. A Tutorial},
  year      = {2011},
  howpublished       = {Available from \url{http://www.dynare.org/documentation-and-support/dynarepp}}
}

@Misc{dynpp_tl,
author = "Ondra Kamenik",
title = "Multidimensional Tensor Library: algorithms and documentation",
year = "2004",
note = "www.cepremap.cnrs.fr/dynare"
}

@Misc{tl_Dynare-web,
  author =   {Ondra Kamenik},
  title =  {{Dynare++} ({V}ersion 4.4.3)},
  month = {},
  year = {2014},
  howpublished = {Available from \url{http://www.dynare.org/documentation-and-support/dynarepp}}
}

@Misc{uni10-web,
  author =   {Yun-Da Hsieh and Ying-Jer Kao and Pochung Chen and Tama Ma and Sukhbinder Singh},
  title =  {{Uni10}: The Universal Tensor Network Library ({V}ersion 0.9.1)},
  month = {Jan},
  year = {2015},
  howpublished = {Available from \url{http://www.uni10.org}}
}

    
@article{uni10,
  author={Ying-Jer Kao and Yun-Da Hsieh and Pochung Chen},
  title={Uni10: an open-source library for tensor network algorithms},
  journal={Journal of Physics: Conference Series},
  volume={640},
  number={1},
  pages={012040},
  url={http://stacks.iop.org/1742-6596/640/i=1/a=012040},
  year={2015},
  abstract={We present an object-oriented open-source library for developing tensor network algorithms written in C++ called Uni10. With Uni10, users can build a symmetric tensor from a collection of bonds, while the bonds are constructed from a list of quantum numbers associated with different quantum states. It is easy to label and permute the indices of the tensors and access a block associated with a particular quantum number. Furthermore a network class is used to describe arbitrary tensor network structure and to perform network contractions efficiently. We give an overview of the basic structure of the library and the hierarchy of the classes. We present examples of the construction of a spin-1 Heisenberg Hamiltonian and the implementation of the tensor renormalization group algorithm to illustrate the basic usage of the library. The library described here is particularly well suited to explore and fast prototype novel tensor network algorithms and to implement highly efficient codes for existing algorithms.}
}

@Misc{mshadow,
  author =   {Chen, Tianqi},
  title =  {{Matrix Shadow}: Lightweight CPU/GPU Matrix and Tensor Template Library in C++/CUDA for (Deep) Machine Learning ({V}ersion 1.1)},
  month = {Dec},
  year = {2014},
  howpublished = {Available from \url{https://github.com/tqchen/mshadow}}
}

@article{Redberry,
  author    = {D. A. Bolotin and
               S. V. Poslavsky},
  title     = {Introduction to Redberry: a computer algebra system designed for
               tensor manipulation},
  journal   = {CoRR},
  volume    = {abs/1302.1219},
  year      = {2013},
  url       = {http://arxiv.org/abs/1302.1219},
  timestamp = {Fri, 01 Mar 2013 15:41:02 +0100},
  biburl    = {http://dblp.uni-trier.de/rec/bib/journals/corr/abs-1302-1219},
  bibsource = {dblp computer science bibliography, http://dblp.org}
}

@Misc{Redberry-web,
  author =   {D. A. Bolotin and
               S. V. Poslavsky},
  title =  {{Redberry} ({V}ersion 1.1.9)},
  month = {},
  year = {2015},
  howpublished = {Available from \url{http://redberry.cc}}
}

@Misc{tensors,
  author =   {Pedroso, Dorival},
  title =  {{Tensors} – C++ Library for Tensor Algebra ({V}ersion 1.0)},
  howpublished = {Available from \url{http://www.nongnu.org/tensors/index.shtml}},
  month = {},
  year = {2012}
}

@Misc{libtensor,
  author =   {Epifanovsky, E. and Wormit, M. and Kuś, T. and Landau A. and Zuev D. and Khistyaev K., Kaliman I. and Manohar P. and Dreuw A. and Krylov A.I. },
  title =  {libtensor ({V}ersion 2.2)},
  month = {May},
  year = {2013},
  howpublished = {Available from \url{http://iopenshell.usc.edu/downloads/tensor}}
}

@MISC{Bastien-Theano-2012,
        author = {Bastien, Fr{\'{e}}d{\'{e}}ric and Lamblin, Pascal and Pascanu, Razvan and Bergstra, James and Goodfellow, Ian J. and Bergeron, Arnaud and Bouchard, Nicolas and Bengio, Yoshua},
         title = {Theano: new features and speed improvements},
          year = {2012},
  howpublished = {Deep Learning and Unsupervised Feature Learning NIPS 2012 Workshop},
      abstract = {Theano is a linear algebra compiler that optimizes a user’s symbolically-speciﬁed mathematical computations to produce efﬁcient low-level implementations. In
this paper, we present new features and efﬁciency improvements to Theano, and
benchmarks demonstrating Theano’s performance relative to Torch7, a recently
introduced machine learning library, and to RNNLM, a C++ library targeted at
recurrent neural networks.}
}

@Misc{tensor-theano,
  author =   {Bastien, Fr{\'{e}}d{\'{e}}ric and Lamblin, Pascal and Pascanu, Razvan and Bergstra, James and Goodfellow, Ian J. and Bergeron, Arnaud and Bouchard, Nicolas and Bengio, Yoshua},
  title =  {Basic Tensor Functionality in theano ({V}ersion 0.7)},
  month = {},
  year = {2015},
  howpublished = {Available from  \url{http://deeplearning.net/software/theano/library/tensor/basic.html}}
}

@inproceedings{smith2015csf,
  title={Tensor-Matrix Products with a Compressed Sparse Tensor},
  author={Smith, Shaden and Karypis, George},
  booktitle={Proceedings of the 5th Workshop on Irregular Applications: Architectures and Algorithms},
  pages={7},
  organization={ACM},
  year={2015}
}

@inproceedings{Kaya:2015,
 author = {Kaya, Oguz and U\c{c}ar, Bora},
 title = {Scalable Sparse Tensor Decompositions in Distributed Memory Systems},
 booktitle = {Proceedings of the International Conference for High Performance Computing, Networking, Storage and Analysis},
 series = {SC '15},
 year = {2015},
 isbn = {978-1-4503-3723-6},
 location = {Austin, Texas},
 pages = {77:1--77:11},
 articleno = {77},
 numpages = {11},
 url = {http://doi.acm.org/10.1145/2807591.2807624},
 doi = {10.1145/2807591.2807624},
 acmid = {2807624},
 publisher = {ACM},
 address = {New York, NY, USA},
}


% parallel storage: block tensor
@article {libtensor-paper1,
author = {Epifanovsky, Evgeny and Wormit, Michael and Kuś, Tomasz and Landau, Arie and Zuev, Dmitry and Khistyaev, Kirill and Manohar, Prashant and Kaliman, Ilya and Dreuw, Andreas and Krylov, Anna I.},
title = {New implementation of high-level correlated methods using a general block tensor library for high-performance electronic structure calculations},
journal = {Journal of Computational Chemistry},
volume = {34},
number = {26},
issn = {1096-987X},
url = {http://dx.doi.org/10.1002/jcc.23377},
doi = {10.1002/jcc.23377},
pages = {2293--2309},
keywords = {tensor algebra, electronic structure, coupled-cluster theory, quantum chemistry software},
year = {2013},
}

@INPROCEEDINGS{libtensor-paper2,
author={Ibrahim, K.Z. and Williams, S.W. and Epifanovsky, E. and Krylov, A.I.},
booktitle={High Performance Computing (HiPC), 2014 21st International Conference on},
title={Analysis and tuning of libtensor framework on multicore architectures},
year={2014},
pages={1-10},
keywords={multiprocessing systems;parallel architectures;tensors;Libtensor framework;NUMA properties;NUMA-aware memory allocator;SMP architectures;computational quantum chemistry equations;garbage collector;memory controllers on chip;multicore architectures;optimization techniques;scheduling quanta;tensor contractions;tensor tiling factor;Chemistry;Instruction sets;Libraries;Memory management;Runtime;Tensile stress;Tuning;parallel programming;quantum chemistry software;tensor algebra},
doi={10.1109/HiPC.2014.7116881},
month={Dec},}

@article{mapreduce,
 author = {Dean, Jeffrey and Ghemawat, Sanjay},
 title = {MapReduce: Simplified Data Processing on Large Clusters},
 journal = {Commun. ACM},
 issue_date = {January 2008},
 volume = {51},
 number = {1},
 month = jan,
 year = {2008},
 issn = {0001-0782},
 pages = {107--113},
 numpages = {7},
 url = {http://doi.acm.org/10.1145/1327452.1327492},
 doi = {10.1145/1327452.1327492},
 acmid = {1327492},
 publisher = {ACM},
 address = {New York, NY, USA},
}

@article{DiNapoli:2014,
title = "Towards an efficient use of the \{BLAS\} library for multilinear tensor contractions ",
journal = "Applied Mathematics and Computation ",
volume = "235",
number = "",
pages = "454 - 468",
year = "2014",
note = "",
issn = "0096-3003",
doi = "http://dx.doi.org/10.1016/j.amc.2014.02.051",
url = "http://www.sciencedirect.com/science/article/pii/S0096300314002902",
author = "Edoardo Di Napoli and Diego Fabregat-Traver and Gregorio Quintana-Ortí and Paolo Bientinesi",
keywords = "Tensors",
keywords = "High-performance multi-linear computations",
keywords = "BLAS",
keywords = "Tensor contractions in quantum chemistry "
}

@article{PeiseFB14a,
  author    = {Elmar Peise and
               Diego Fabregat{-}Traver and
               Paolo Bientinesi},
  title     = {On the Performance Prediction of BLAS-based Tensor Contractions},
  journal   = {CoRR},
  volume    = {abs/1409.8608},
  year      = {2014},
  url       = {http://arxiv.org/abs/1409.8608},
  timestamp = {Wed, 01 Oct 2014 15:00:04 +0200},
  biburl    = {http://dblp.uni-trier.de/rec/bib/journals/corr/PeiseFB14a},
  bibsource = {dblp computer science bibliography, http://dblp.org}
}

@ARTICLE{BLAS,
    author = {L. S. Blackford and J. Demmel and J. Dongarra and I. Duff and S. Hammarling and G. Henry and M. Heroux and L. Kaufman and A. Lumsdaine and A. Petitet and R. Pozo and K. Remington and R. C. Whaley},
    title = {An Updated Set of Basic Linear Algebra Subprograms (BLAS)},
    journal = {ACM Transactions on Mathematical Software},
    year = {2001},
    volume = {28},
    pages = {135--151}
}

@article{BLIS1,
 author = {Van Zee, Field G. and van de Geijn, Robert A.},
 title = {BLIS: A Framework for Rapidly Instantiating BLAS Functionality},
 journal = {ACM Trans. Math. Softw.},
 issue_date = {June 2015},
 volume = {41},
 number = {3},
 month = jun,
 year = {2015},
 issn = {0098-3500},
 pages = {14:1--14:33},
 articleno = {14},
 numpages = {33},
 url = {http://doi.acm.org/10.1145/2764454},
 doi = {10.1145/2764454},
 acmid = {2764454},
 publisher = {ACM},
 address = {New York, NY, USA},
 keywords = {BLAS, Linear algebra, high-performance, libraries, matrix},
} 

@Misc{mkl,
  author =   {Intel},
  title =  {Math Kernel Library},
  howpublished = {\url{http://developer.intel.com/software/products/mkl/}}
}

@article{Goto:2008,
 author = {Goto, Kazushige and {v}an~{d}e~{G}eijn, Robert A.},
 title = {Anatomy of High-performance Matrix Multiplication},
 journal = {ACM Trans. Math. Softw.},
 issue_date = {May 2008},
 volume = {34},
 number = {3},
 month = may,
 year = {2008},
 issn = {0098-3500},
 pages = {12:1--12:25},
 articleno = {12},
 numpages = {25},
 url = {http://doi.acm.org/10.1145/1356052.1356053},
 doi = {10.1145/1356052.1356053},
 acmid = {1356053},
 publisher = {ACM},
 address = {New York, NY, USA},
 keywords = {Linear algebra, basic linear algebra subprogrms, matrix multiplication},
}

@inproceedings{atlas_sc98,
AUTHOR    = "R. Clint Whaley and Jack Dongarra",
TITLE     = "Automatically Tuned Linear Algebra Software",
BOOKTITLE = "SuperComputing 1998: High Performance Networking and Computing",
YEAR      = "1998",
}

@article{Duff:2002,
 author = {Duff, Iain S. and Heroux, Michael A. and Pozo, Roldan},
 title = {An Overview of the Sparse Basic Linear Algebra Subprograms: The New Standard from the BLAS Technical Forum},
 journal = {ACM Trans. Math. Softw.},
 issue_date = {June 2002},
 volume = {28},
 number = {2},
 month = jun,
 year = {2002},
 issn = {0098-3500},
 pages = {239--267},
 numpages = {29},
 url = {http://doi.acm.org/10.1145/567806.567810},
 doi = {10.1145/567806.567810},
 acmid = {567810},
 publisher = {ACM},
 address = {New York, NY, USA},
 keywords = {Algorithms, computational kernels, software, sparse BLAS, sparse iterative methods, sparse matrices},
}
% =================================

@INPROCEEDINGS{cao2014tensor,
	author={Cao, Bokai and He, Lifang and Kong, Xiangnan and Yu, Philip S. and Hao, Zhifeng and Ragin, Ann B.},
	booktitle={Data Mining (ICDM), 2014 IEEE International Conference on},
	title={Tensor-Based Multi-view Feature Selection with Applications to Brain Diseases},
	year={2014},
	month={Dec},
	pages={40-49},
	keywords={Correlation;Diseases;Medical diagnostic imaging;Support vector machines;Tensile stress;Vectors;brain diseases;feature selection;multi-view learning;tensor},
	doi={10.1109/ICDM.2014.26},
	ISSN={1550-4786}
}

@inproceedings{ishteva2013unfolding,
	title={Unfolding Latent Tree Structures using 4th Order Tensors},
	author={Ishteva, Mariya and Park, Haesun and Song, Le},
	booktitle={Proceedings of the 30th International Conference on Machine Learning (ICML-13)},
	pages={316--324},
	year={2013}
}

@inproceedings{song2013hierarchical,
	title={Hierarchical Tensor Decomposition of Latent Tree Graphical Models},
	author={Song, Le and Ishteva, Mariya and Parikh, Ankur and Xing, Eric and Park, Haesun},
	booktitle={Proceedings of the 30th International Conference on Machine Learning (ICML-13)},
	pages={334--342},
	year={2013}
}

@article{NovikovPOV15,
	author    = {Alexander Novikov and
	Dmitry Podoprikhin and
	Anton Osokin and
	Dmitry Vetrov},
	title     = {Tensorizing Neural Networks},
	journal   = {CoRR},
	volume    = {abs/1509.06569},
	year      = {2015},
	url       = {http://arxiv.org/abs/1509.06569},
	timestamp = {Thu, 01 Oct 2015 14:28:48 +0200},
	biburl    = {http://dblp.uni-trier.de/rec/bib/journals/corr/NovikovPOV15},
	bibsource = {dblp computer science bibliography, http://dblp.org}
}

@inproceedings{icml2014c2_novikov14,
	Publisher = {JMLR Workshop and Conference Proceedings},
	Title = {Putting MRFs on a Tensor Train},
	Url = {http://jmlr.org/proceedings/papers/v32/novikov14.pdf},
	Abstract = {In the paper we present a new framework for dealing with probabilistic graphical models. Our approach relies on the recently proposed Tensor Train format (TT-format) of a tensor that while being compact allows for efficient application of linear algebra operations. We present a way to convert the energy of a Markov random field to the TT-format and show how one can exploit the properties of the TT-format to attack the tasks of the partition function estimation and the MAP-inference. We provide theoretical guarantees on the accuracy of the proposed algorithm for estimating the partition function and compare our methods against several state-of-the-art algorithms.},
	Author = {Alexander Novikov and Anton Rodomanov and Anton Osokin and Dmitry Vetrov},
	Editor = {Tony Jebara and Eric P. Xing},
	Year = {2014},
	Booktitle = {Proceedings of the 31st International Conference on Machine Learning (ICML-14)},
	Pages = {811-819}
}

@article{SHT,
  author    = {Ioakeim Perros and Robert Chen and Richard Vuduc and Jimeng Sun},
  title     = {Sparse Hierarchical Tucker Factorization and its Application to Healthcare},
  journal   = {IEEE International Conference on Data Mining (ICDM)},
  year      = {2015},
}

@ARTICLE{HuangNA14,
	author = {{Huang}, F. and {Niranjan U.}, N. and {Perros}, I. and {Chen}, R. and 
	{Sun}, J. and {Anandkumar}, A.},
	title = "{Scalable Latent Tree Model and its Application to Health Analytics}",
	journal = {ArXiv e-prints},
	archivePrefix = "arXiv",
	eprint = {1406.4566},
	primaryClass = "cs.LG",
	keywords = {Computer Science - Learning, Statistics - Machine Learning},
	year = 2014,
	month = jun,
}

@inproceedings{anandkumar2015learning,
	title={Learning overcomplete latent variable models through tensor methods},
	author={Anandkumar, Animashree and Ge, Rong and Janzamin, Majid},
	booktitle={Proceedings of The 28th Conference on Learning Theory},
	pages={36--112},
	year={2015}
}

@inproceedings{yu2012large,
	title={Large Vocabulary Speech Recognition Using Deep Tensor Neural Networks.},
	author={Yu, Dong and Deng, Li and Seide, Frank},
	booktitle={INTERSPEECH},
	year={2012}
}
@inproceedings{Setiawan2015,
	author    = {Hendra Setiawan and
	Zhongqiang Huang and
	Jacob Devlin and
	Thomas Lamar and
	Rabih Zbib and
	Richard M. Schwartz and
	John Makhoul},
	title     = {Statistical Machine Translation Features with Multitask Tensor Networks},
	booktitle = {Proceedings of the 53rd Annual Meeting of the Association for Computational
	Linguistics and the 7th International Joint Conference on Natural
	Language Processing of the Asian Federation of Natural Language Processing,
	{ACL} 2015, July 26-31, 2015, Beijing, China, Volume 1: Long Papers},
	pages     = {31--41},
	year      = {2015},
	crossref  = {DBLP:conf/acl/2015-1},
	url       = {http://aclweb.org/anthology/P/P15/P15-1004.pdf},
	timestamp = {Sun, 02 Aug 2015 19:26:07 +0200},
	biburl    = {http://dblp.uni-trier.de/rec/bib/conf/acl/SetiawanHDLZSM15},
	bibsource = {dblp computer science bibliography, http://dblp.org}
}
@inproceedings{socher2013reasoning,
	title={Reasoning with neural tensor networks for knowledge base completion},
	author={Socher, Richard and Chen, Danqi and Manning, Christopher D and Ng, Andrew},
	booktitle={Advances in Neural Information Processing Systems},
	pages={926--934},
	year={2013}
}
@article{hutchinson2013tensor,
	title={Tensor deep stacking networks},
	author={Hutchinson, Brian and Deng, Li and Yu, Dong},
	journal={Pattern Analysis and Machine Intelligence, IEEE Transactions on},
	volume={35},
	number={8},
	pages={1944--1957},
	year={2013},
	publisher={IEEE}
}
@article{Cohen2015,
	author    = {Nadav Cohen and
	Or Sharir and
	Amnon Shashua},
	title     = {On the Expressive Power of Deep Learning: {A} Tensor Analysis},
	journal   = {CoRR},
	volume    = {abs/1509.05009},
	year      = {2015},
	url       = {http://arxiv.org/abs/1509.05009},
	timestamp = {Thu, 01 Oct 2015 14:28:48 +0200},
	biburl    = {http://dblp.uni-trier.de/rec/bib/journals/corr/CohenSS15a},
	bibsource = {dblp computer science bibliography, http://dblp.org}
}
@article{Janzamin15,
	author    = {Majid Janzamin and
	Hanie Sedghi and
	Anima Anandkumar},
	title     = {Generalization Bounds for Neural Networks through Tensor Factorization},
	journal   = {CoRR},
	volume    = {abs/1506.08473},
	year      = {2015},
	url       = {http://arxiv.org/abs/1506.08473},
	timestamp = {Wed, 01 Jul 2015 15:10:24 +0200},
	biburl    = {http://dblp.uni-trier.de/rec/bib/journals/corr/JanzaminSA15},
	bibsource = {dblp computer science bibliography, http://dblp.org}
}
@article{lebedev2014speeding,
	title={Speeding-up Convolutional Neural Networks Using Fine-tuned CP-Decomposition},
	author={Lebedev, Vadim and Ganin, Yaroslav and Rakhuba, Maksim and Oseledets, Ivan and Lempitsky, Victor},
	journal={arXiv preprint arXiv:1412.6553},
	year={2014}
}

@inproceedings{chaganty2014estimating,
	title={Estimating Latent-Variable Graphical Models using Moments and Likelihoods},
	author={Chaganty, Arun T and Liang, Percy},
	booktitle={Proceedings of the 31st International Conference on Machine Learning (ICML-14)},
	pages={1872--1880},
	year={2014}
}
@inproceedings{tung2014spectral,
	title={Spectral Methods for Indian Buffet Process Inference},
	author={Tung, Hsiao-Yu and Smola, Alex J},
	booktitle={Advances in Neural Information Processing Systems},
	pages={1484--1492},
	year={2014}
}
@inproceedings{wang2014spectral,
	title={Spectral methods for supervised topic models},
	author={Wang, Yining and Zhu, Jun},
	booktitle={Advances in Neural Information Processing Systems},
	pages={1511--1519},
	year={2014}
}

@inproceedings{tag1,
 author = {Symeonidis, Panagiotis and Nanopoulos, Alexandros and Manolopoulos, Yannis},
 title = {Tag Recommendations Based on Tensor Dimensionality Reduction},
 booktitle = {Proceedings of the 2008 ACM Conference on Recommender Systems},
 series = {RecSys '08},
 year = {2008},
 isbn = {978-1-60558-093-7},
 location = {Lausanne, Switzerland},
 pages = {43--50},
 numpages = {8},
 url = {http://doi.acm.org/10.1145/1454008.1454017},
 doi = {10.1145/1454008.1454017},
 acmid = {1454017},
 publisher = {ACM},
 address = {New York, NY, USA},
 keywords = {recommender systems, social tagging},
}

@article{link1,
  added-at = {2012-10-10T00:00:00.000+0200},
  author = {Ermis, Beyza and Acar, Evrim and Cemgil, A. Taylan},
  biburl = {http://www.bibsonomy.org/bibtex/2b2cc08dc4b38c5b192aeb97807437313/dblp},
  ee = {http://arxiv.org/abs/1208.6231},
  interhash = {e9b76730ae43c7e973fd78ef1147568e},
  intrahash = {b2cc08dc4b38c5b192aeb97807437313},
  journal = {CoRR},
  keywords = {dblp},
  timestamp = {2012-10-11T12:19:50.000+0200},
  title = {Link Prediction via Generalized Coupled Tensor Factorisation},
  url = {http://dblp.uni-trier.de/db/journals/corr/corr1208.html#abs-1208-6231},
  volume = {abs/1208.6231},
  year = 2012
}

@inproceedings{Chatterjee1999,
 author = {Chatterjee, Siddhartha and Lebeck, Alvin R. and Patnala, Praveen K. and Thottethodi, Mithuna},
 title = {Recursive Array Layouts and Fast Parallel Matrix Multiplication},
 booktitle = {Proceedings of the Eleventh Annual ACM Symposium on Parallel Algorithms and Architectures},
 series = {SPAA '99},
 year = {1999},
 isbn = {1-58113-124-0},
 location = {Saint Malo, France},
 pages = {222--231},
 numpages = {10},
 url = {http://doi.acm.org/10.1145/305619.305645},
 doi = {10.1145/305619.305645},
 acmid = {305645},
 publisher = {ACM},
 address = {New York, NY, USA},
}

@ARTICLE{EKMR,
author={Chun-Yuan Lin and Jen-Shiuh Liu and Yeh-Ching Chung},
journal={Computers, IEEE Transactions on},
title={Efficient representation scheme for multidimensional array operations},
year={2002},
month={Mar},
volume={51},
number={3},
pages={327-345},
keywords={FORTRAN;data structures;matrix algebra;natural sciences computing;parallel programming;program compilers;EKMR;Fortran 90 compiler;TMR;data structure;extended Karnaugh map representation;higher dimensional arrays;matrix-matrix addition/subtraction;matrix-matrix multiplications;multidimensional array operations;multidimensional array representation;representation scheme;scientific codes;traditional matrix representation;Multidimensional systems},
doi={10.1109/12.990130},
ISSN={0018-9340},}


@incollection{ho2014extracting,
	title={Extracting Phenotypes from Patient Claim Records Using Nonnegative Tensor Factorization},
	author={Ho, Joyce C and Ghosh, Joydeep and Sun, Jimeng},
	booktitle={Brain Informatics and Health},
	pages={142--151},
	year={2014},
	publisher={Springer}
}

@article{ho2014limestone,
	title={Limestone: High-throughput candidate phenotype generation via tensor factorization},
	author={Ho, Joyce C and Ghosh, Joydeep and Steinhubl, Steve R and Stewart, Walter F and Denny, Joshua C and Malin, Bradley A and Sun, Jimeng},
	journal={Journal of biomedical informatics},
	volume={52},
	pages={199--211},
	year={2014},
	publisher={Elsevier}
}

@inproceedings{Ho2014,
	title={Marble: high-throughput phenotyping from electronic health records via sparse nonnegative tensor factorization},
	author={Ho, Joyce C and Ghosh, Joydeep and Sun, Jimeng},
	booktitle={Proceedings of the 20th ACM SIGKDD international conference on Knowledge discovery and data mining},
	pages={115--124},
	year={2014},
	organization={ACM}
}

@inproceedings{Jiang2014,
	title={FEMA: flexible evolutionary multi-faceted analysis for dynamic behavioral pattern discovery},
	author={Jiang, Meng and Cui, Peng and Wang, Fei and Xu, Xinran and Zhu, Wenwu and Yang, Shiqiang},
	booktitle={Proceedings of the 20th ACM SIGKDD international conference on Knowledge discovery and data mining},
	pages={1186--1195},
	year={2014},
	organization={ACM}
}

@inproceedings{Matsubara2014,
	title={FUNNEL: automatic mining of spatially coevolving epidemics},
	author={Matsubara, Yasuko and Sakurai, Yasushi and van Panhuis, Willem G and Faloutsos, Christos},
	booktitle={Proceedings of the 20th ACM SIGKDD international conference on Knowledge discovery and data mining},
	pages={105--114},
	year={2014},
	organization={ACM}
}

@article{Cichocki2013,
	title={Tensor Decompositions: A New Concept in Brain Data Analysis?},
	author={Cichocki, Andrzej},
	journal={arXiv preprint arXiv:1305.0395},
	year={2013}
	}

@article{Latchoumane2012,
	title={Multiway array decomposition analysis of EEGs in Alzheimer's disease},
	author={Latchoumane, Charles-Francois V and Vialatte, Francois-Benois and Sol{\'e}-Casals, Jordi and Maurice, Monique and Wimalaratna, Sunil R and Hudson, Nigel and Jeong, Jaeseung and Cichocki, Andrzej},
	journal={Journal of neuroscience methods},
	volume={207},
	number={1},
	pages={41--50},
	year={2012},
	publisher={Elsevier}
}

@inproceedings{sunbeyond,
 author = {Sun, Jimeng and Tao, Dacheng and Faloutsos, Christos},
 title = {Beyond Streams and Graphs: Dynamic Tensor Analysis},
 booktitle = {Proceedings of the 12th ACM SIGKDD International Conference on Knowledge Discovery and Data Mining},
 series = {KDD '06},
 year = {2006},
 isbn = {1-59593-339-5},
 location = {Philadelphia, PA, USA},
 pages = {374--383},
 numpages = {10},
 url = {http://doi.acm.org/10.1145/1150402.1150445},
 doi = {10.1145/1150402.1150445},
 acmid = {1150445},
 publisher = {ACM},
 address = {New York, NY, USA},
}


@MISC{Acar09futuredirections,
    author = {Acar, Evrim and Harrison, Robert J.  and Olken, Frank  and Alter, Orly  and Helal, Manal  and Omberg, Larsson  and Bader, Brett  and Kennedy, Anthony  and Park, Haesun  and Bai, Zhaojun  and Kim, Dongmin  and Plemmons, Robert  and Beylkin, Gregory  and Kolda, Tamara  and Ragnarsson, Stefan  and Delathauwer, Lieven  and Langou, Julien  and Ponnapalli, Sri Priya  and Dhillon, Inderjit  and Lim, Lek-heng  and Ramanujam, J. Ram  and Ding, Chris  and Mahoney, Michael  and Raynolds, James  and Eldén, Lars  and Martin, Carla  and Regalia, Phillip  and Drineas, Petros  and Mohlenkamp, Martin  and Faloutsos, Christos  and Morton, Jason  and Savas, Berkant  and Friedland, Shmuel  and Mullin, Lenore  and Van Loan, Charles },
    title = {Future Directions in Tensor-Based Computation and Modeling},
    year = {2009}
}

@inproceedings{flexifact,
  title={FLEXIFACT: Scalable Flexible Factorization of Coupled Tensors on Hadoop},
  author={Beutel, Alex and Kumar, Abhimanu and Papalexakis, Evangelos and Talukdar, Partha Pratim and Faloutsos, Christos and Xing, Eric P},
  booktitle={NIPS 2013 Big Learning Workshop},
  year={2013}
}

@article{CANDECOMP,
year={1970},
issn={0033-3123},
journal={Psychometrika},
volume={35},
number={3},
doi={10.1007/BF02310791},
title={Analysis of individual differences in multidimensional scaling via an n-way generalization of “Eckart-Young” decomposition},
url={http://dx.doi.org/10.1007/BF02310791},
publisher={Springer-Verlag},
author={Carroll, J.Douglas and Chang, Jih-Jie},
pages={283-319},
language={English}
}

@article{illposed,
 author = {de Silva, Vin and Lim, Lek-Heng},
 title = {Tensor Rank and the Ill-Posedness of the Best Low-Rank Approximation Problem},
 journal = {SIAM J. Matrix Anal. Appl.},
 issue_date = {September 2008},
 volume = {30},
 number = {3},
 month = sep,
 year = {2008},
 issn = {0895-4798},
 pages = {1084--1127},
 numpages = {44},
 url = {http://dx.doi.org/10.1137/06066518X},
 doi = {10.1137/06066518X},
 acmid = {1461969},
 publisher = {Society for Industrial and Applied Mathematics},
 address = {Philadelphia, PA, USA},
 keywords = {Br`egman divergence of tensors, Eckart-Young theorem, candecomp, hyperdeterminants, low-rank tensor approximations, multidimensional arrays, multiway arrays, numerical multilinear algebra, parafac, principal component analysis, tensor decompositions, tensor rank, tensors},
}


@incollection{NIPS2014_5395,
title = {DFacTo: Distributed Factorization of Tensors},
author = {Choi, Joon Hee and Vishwanathan, S.},
booktitle = {Advances in Neural Information Processing Systems 27},
editor = {Z. Ghahramani and M. Welling and C. Cortes and N.D. Lawrence and K.Q. Weinberger},
pages = {1296--1304},
year = {2014},
publisher = {Curran Associates, Inc.},
url = {http://papers.nips.cc/paper/5395-dfacto-distributed-factorization-of-tensors.pdf}
}

@misc{DFacTo-web,
  author = {Choi, Joon Hee and Vishwanathan, S.},
  title = {{DFacTo}: Distributed Factorization of Tensors},
  month = {},
  year = {2014},
  howpublished = {Available from \url{http://web.ics.purdue.edu/~choi240/research.html}}
}

@article{HastadRanknp,
 author = {H{\aa}stad, Johan},
 title = {Tensor Rank is NP-complete},
 journal = {J. Algorithms},
 issue_date = {Dec. 1990},
 volume = {11},
 number = {4},
 month = dec,
 year = {1990},
 issn = {0196-6774},
 pages = {644--654},
 numpages = {11},
 url = {http://dx.doi.org/10.1016/0196-6774(90)90014-6},
 doi = {10.1016/0196-6774(90)90014-6},
 acmid = {95990},
 publisher = {Academic Press, Inc.},
 address = {Duluth, MN, USA},
}


@article{physnet,
title = "A practical introduction to tensor networks: Matrix product states and projected entangled pair states ",
journal = "Annals of Physics ",
volume = "349",
number = "0",
pages = "117 - 158",
year = "2014",
note = "",
issn = "0003-4916",
doi = "http://dx.doi.org/10.1016/j.aop.2014.06.013",
url = "http://www.sciencedirect.com/science/article/pii/S0003491614001596",
author = "Roman Orus",
keywords = "Tensor networks",
keywords = "\{MPS\}",
keywords = "\{PEPS\}",
keywords = "Entanglement "
}

@article{treeadap,
  Author = {Ballani, Jonas and Grasedyck, Lars},
  Date-Added = {2015-03-30 16:08:29 -0400},
  Date-Modified = {2015-03-30 16:10:04 -0400},
  Journal = {SIAM J. Sci. Comput.},
  Number = {4},
  Pages = {A1415-A1431},
  Title = {Tree Adaptive Approximation in the Hierarchical Tensor Format},
  Volume = {36},
  Year = {2014}
}

@inproceedings{Kang:2012,
 author = {Kang, U. and Papalexakis, Evangelos and Harpale, Abhay and Faloutsos, Christos},
 title = {GigaTensor: Scaling Tensor Analysis Up by 100 Times - Algorithms and Discoveries},
 booktitle = {Proceedings of the 18th ACM SIGKDD International Conference on Knowledge Discovery and Data Mining},
 series = {KDD '12},
 year = {2012},
 isbn = {978-1-4503-1462-6},
 location = {Beijing, China},
 pages = {316--324},
 numpages = {9},
 url = {http://doi.acm.org/10.1145/2339530.2339583},
 doi = {10.1145/2339530.2339583},
 acmid = {2339583},
 publisher = {ACM},
 address = {New York, NY, USA},
 keywords = {big data, distributed computing, hadoop, mapreduce, tensor},
}

@inproceedings{haten2_ICDE2015,
  title={HaTen2: Billion-scale Tensor Decompositions},
  author={Inah Jeon and Evangelos E. Papalexakis and U Kang and Christos Faloutsos},
  booktitle={IEEE International Conference on Data Engineering (ICDE)},
  year={2015},
}

@misc{HaTen2-web,
  author = {Inah Jeon and Evangelos E. Papalexakis and U Kang, Christos Faloutsos},
  title = {{HaTen2}: Billion-scale Tensor Decompositions ({V}ersion 1.0)},
  month = {},
  year = {2015},
  howpublished = {Available from \url{http://datalab.snu.ac.kr/haten2/}}
}

% Tensor contraction, parallel storage
@inproceedings{Rajbhandari:2014:CFC:2683593.2683635,
 author = {Rajbhandari, Samyam and Nikam, Akshay and Lai, Pai-Wei and Stock, Kevin and Krishnamoorthy, Sriram and Sadayappan, P.},
 title = {A Communication-optimal Framework for Contracting Distributed Tensors},
 booktitle = {Proceedings of the International Conference for High Performance Computing, Networking, Storage and Analysis},
 series = {SC '14},
 year = {2014},
 isbn = {978-1-4799-5500-8},
 location = {New Orleans, Louisana},
 pages = {375--386},
 numpages = {12},
 url = {http://dx.doi.org/10.1109/SC.2014.36},
 doi = {10.1109/SC.2014.36},
 acmid = {2683635},
 publisher = {IEEE Press},
 address = {Piscataway, NJ, USA},
}

@inproceedings{SPLATT,
 author = {Smith, Shaden and Ravindran, Niranjay and Sidiropoulos, Nicholas and Karypis, George},
 title = {SPLATT: Efficient and Parallel Sparse Tensor-Matrix Multiplication},
 booktitle = {Proceedings of the 29th IEEE International Parallel \& Distributed Processing Symposium},
 series = {IPDPS},
 year = {2015},
 location = {Hyderabad, India},
}

@misc{SPLATT-web,
  author = {Smith, Shaden and Ravindran, Niranjay and Sidiropoulos, Nicholas and Karypis, George},
  title = {{SPLATT}: The Surprisingly ParalleL spArse Tensor Toolkit ({V}ersion v1.1.0)},
  month = {},
  year = {2015},
  howpublished = {Available from \url{http://shaden.io/splatt.html}}
}

%Symmetric tensor and Cyclops
@phdthesis{Solomonik:EECS-2014-170,
    Author = {Solomonik, Edgar},
    Title = {Provably Efficient Algorithms for Numerical Tensor Algebra},
    School = {EECS Department, University of California, Berkeley},
    Year = {2014},
    Month = {Sep},
    URL = {http://www.eecs.berkeley.edu/Pubs/TechRpts/2014/EECS-2014-170.html},
    Number = {UCB/EECS-2014-170},
}

@inproceedings{Benson,
 author = {Benson, Austin R. and Ballard, Grey},
 title = {A Framework for Practical Parallel Fast Matrix Multiplication},
 booktitle = {Proceedings of the 20th ACM SIGPLAN Symposium on Principles and Practice of Parallel Programming},
 series = {PPoPP 2015},
 year = {2015},
 isbn = {978-1-4503-3205-7},
 location = {San Francisco, CA, USA},
 pages = {42--53},
 numpages = {12},
 url = {http://doi.acm.org/10.1145/2688500.2688513},
 doi = {10.1145/2688500.2688513},
 acmid = {2688513},
 publisher = {ACM},
 address = {New York, NY, USA},
 keywords = {dense linear algebra, fast matrix multiplication, parallel linear algebra, shared memory},
}

@article{Hillar,
 author = {Hillar, Christopher J. and Lim, Lek-Heng},
 title = {Most Tensor Problems Are NP-Hard},
 journal = {J. ACM},
 issue_date = {November 2013},
 volume = {60},
 number = {6},
 month = nov,
 year = {2013},
 issn = {0004-5411},
 pages = {45:1--45:39},
 articleno = {45},
 numpages = {39},
 url = {http://doi.acm.org/10.1145/2512329},
 doi = {10.1145/2512329},
 acmid = {2512329},
 publisher = {ACM},
 address = {New York, NY, USA},
 keywords = {\#P-hardness, NP-hardness, Numerical multilinear algebra, VNP-hardness, bivariate matrix polynomials, hyperdeterminants, nonnegative definite tensors, polynomial time approximation schemes, symmetric tensors, system of multilinear equations, tensor eigenvalue, tensor rank, tensor singular value, tensor spectral norm, undecidability},
}

@article{Anandk0,
 author = {Anandkumar, Animashree and Ge, Rong and Hsu, Daniel and Kakade, Sham M.},
 title = {A Tensor Approach to Learning Mixed Membership Community Models},
 journal = {J. Mach. Learn. Res.},
 issue_date = {January 2014},
 volume = {15},
 number = {1},
 month = jan,
 year = {2014},
 issn = {1532-4435},
 pages = {2239--2312},
 numpages = {74},
 url = {http://dl.acm.org/citation.cfm?id=2627435.2670323},
 acmid = {2670323},
 publisher = {JMLR.org},
 keywords = {community detection, mixed membership models, moment-based estimation, spectral methods, tensor methods},
}


@article{Anandk,
 author = {Anandkumar, Animashree and Ge, Rong and Hsu, Daniel and Kakade, Sham M. and Telgarsky, Matus},
 title = {Tensor Decompositions for Learning Latent Variable Models},
 journal = {J. Mach. Learn. Res.},
 issue_date = {January 2014},
 volume = {15},
 number = {1},
 month = jan,
 year = {2014},
 issn = {1532-4435},
 pages = {2773--2832},
 numpages = {60},
 url = {http://dl.acm.org/citation.cfm?id=2627435.2697055},
 acmid = {2697055},
 publisher = {JMLR.org},
 keywords = {latent variable models, method of moments, mixture models, power method, tensor decompositions, topic models},
}

@ARTICLE {falbull,
    author  = "Papalexakis, E. E. and Kang, U and Faloutsos, C. and Sidiropoulos, N. D.  and Harpale, A.",
    title   = "Large Scale Tensor Decompositions: Algorithmic Developments and Applications",
    journal = "IEEE Data Engineering Bulletin",
    year    = "2013",
    volume  = "36",
    pages   = "59-66",
    month   = "Sep"
}

% Sparse storage
@INPROCEEDINGS{6408676,
author={Baskaran, M. and Meister, B. and Vasilache, N. and Lethin, R.},
booktitle={High Performance Extreme Computing (HPEC), 2012 IEEE Conference on},
title={Efficient and scalable computations with sparse tensors},
year={2012},
month={Sept},
pages={1-6},
keywords={data analysis;tensors;data analysis;data reuse optimization;data summarization;high dimensional multiaspect data;large-scale sparse real data sets;multilinear algebraic computations;multiway arrays;scalable computations;sparse tensor storage formats;sparse tensors;synthetic small data sets;tensor decomposition algorithms;tensor decompositions;Matrix decomposition;Memory management;Optimization;Sparse matrices;Standards;Tensile stress;Vectors},
doi={10.1109/HPEC.2012.6408676},}

% Tensor Contraction for symmetric tensors
@techreport{commlow,
  Author = {Solomonik, Edgar and Demmel, James and Hoefler, Torsten},
  Date-Added = {2015-03-30 16:08:29 -0400},
  Date-Modified = {2015-03-30 17:14:56 -0400},
  Institution = {ETH Z{\"u}rich},
  Title = {Communication Lower Bounds for Tensor Contraction Algorithms},
  Volume = {36},
  Year = {2015}}


%TUCKER-HOOI
@article{Lathauwer-THOOI,
 author = {Lieven {De Lathauwer} and Bart {De Moor} and Joos Vandewalle},
 title = {On the Best Rank-1 and Rank-(R1,R2,. . .,RN) Approximation of Higher-Order Tensors},
 journal = {SIAM J. Matrix Anal. Appl.},
 issue_date = {March \– May 2000},
 volume = {21},
 number = {4},
 month = mar,
 year = {2000},
 issn = {0895-4798},
 pages = {1324--1342},
 numpages = {19},
 url = {http://dx.doi.org/10.1137/S0895479898346995},
 doi = {10.1137/S0895479898346995},
 acmid = {354405},
 publisher = {Society for Industrial and Applied Mathematics},
 address = {Philadelphia, PA, USA},
 keywords = {higher-order tensor, multilinear algebra, rank reduction, singular value decomposition},
}

%MEMORY-BLOWUP
@INPROCEEDINGS{Kolda08scalabletensor,
    author = {Kolda, Tamara G. and Sun, Jimeng},
    title = {Scalable tensor decompositions for multi-aspect data mining},
    booktitle = {In ICDM 2008: Proceedings of the 8th IEEE International Conference on Data Mining},
    year = {2008},
    pages = {363--372}
}

%kolda survey
@ARTICLE{Kolda:2009,
    author = {Tamara G. Kolda and Brett W. Bader},
    title = {Tensor Decompositions and Applications},
    journal = {SIAM Review},
    year = {2009},
    volume = {51},
    number = {3},
    pages = {455--500}
}

%tucker, stable
@ARTICLE{Lathauwer00amultilinear,
    author = {Lieven {De Lathauwer} and Bart {De Moor} and Joos Vandewalle},
    title = {A multilinear singular value decomposition},
    journal = {SIAM J. Matrix Anal. Appl},
    year = {2000},
    volume = {21},
    pages = {1253--1278}
}

%CP
@article{hitchcock-sum-1927,
  title={The expression of a tensor or a polyadic as a sum of products},
  author={Hitchcock, F. L.},
  journal={J. Math. Phys},
  volume={6},
  number={1},
  pages={164--189},
  year={1927}
}

%Tucker
@article{Tuck1966c,
  added-at = {2006-10-25T17:45:20.000+0200},
  author = {Tucker, L. R.},
  biburl = {http://www.bibsonomy.org/bibtex/28df5aaac35d1886a098279e8d44c0d4e/threemode},
  description = {papers on three-mode analysis},
  interhash = {3806b7c8645c979369a12b1bc1319beb},
  intrahash = {8df5aaac35d1886a098279e8d44c0d4e},
  journal = {Psychometrika},
  keywords = {data mode threemode three analysis},
  pages = {279--311},
  timestamp = {2006-10-25T17:45:20.000+0200},
  title = {{S}ome mathematical notes on three-mode factor analysis},
  volume = 31,
  year = {1966c}
}

%HT
@article{htuckdecomp,
 author = {Grasedyck, Lars},
 title = {Hierarchical Singular Value Decomposition of Tensors},
 journal = {SIAM J. Matrix Anal. Appl.},
 issue_date = {January 2010},
 volume = {31},
 number = {4},
 month = may,
 year = {2010},
 issn = {0895-4798},
 pages = {2029--2054},
 numpages = {26},
 url = {http://dx.doi.org/10.1137/090764189},
 doi = {10.1137/090764189},
 acmid = {1958311},
 publisher = {Society for Industrial and Applied Mathematics},
 address = {Philadelphia, PA, USA},
 keywords = {SVD, Tucker, hierarchical Tucker, high-dimensional, low rank, tensor},
}

%TT
@article{tenstrain,
 author = {Oseledets, I. V.},
 title = {Tensor-Train Decomposition},
 journal = {SIAM J. Sci. Comput.},
 issue_date = {September 2011},
 volume = {33},
 number = {5},
 month = sep,
 year = {2011},
 issn = {1064-8275},
 pages = {2295--2317},
 numpages = {23},
 url = {http://dx.doi.org/10.1137/090752286},
 doi = {10.1137/090752286},
 acmid = {2079149},
 publisher = {Society for Industrial and Applied Mathematics},
 address = {Philadelphia, PA, USA},
 keywords = {SVD, TT-format, high-dimensional problems, tensors},
}

%Software BIB
@misc{Calculus,
  author = {Espig, M. and Schuster, M. and Killaitis, A. and Waldren, N. and Wahnert, P. and Handschuh, S. and Auer, H.},
  title = {TensorCalculus library},
  howpublished = {Available from http://gitorious.org/tensorcalculus},
  month = {},
  year = {2012},
  url = {http://gitorious.org/tensorcalculus}
}

@MISC{TDALAB,
    author = {Zhou, Guoxu and Cichocki, Andrzej},
    title = {A Brief Guide for TDALAB},
    month = {April},
    year = {2013}
}

@MISC{TDALAB-web,
    author = {Zhou, Guoxu and Cichocki, Andrzej},
    title = {Matlab Toolbox for Tensor Decomposition \& Analysis ({V}ersion 1.1)},
    month = {May},
    year = {2013},
    howpublished = {Available from \url{http://www.bsp.brain.riken.jp/TDALAB/}}
}

@misc{Tensorlab,
  author = {Sorber, Laurent and Van Barel, Marc and De Lathauwer, Lieven},
  title = {{Tensorlab} ({V}ersion v2.0.2)},
  month = {Jan},
  year = {2014},
  howpublished = {Available from \url{http://www.tensorlab.net}}
}

@misc{TENSORBOX,
  author = {Phan, Anh-Huy and Tichavsky, Petr and Cichocki, Andrzej},
  title = {TENSORBOX: a Matlab package for tensor decomposition ({V}ersion 2015.11)},
  month = {Nov},
  year = {2015},
  howpublished = {Available from \url{http://www.bsp.brain.riken.jp/~phan/}}
}

%FTensor
@article{Landry:2003:IHP:1240120.1240122,
 author = {Landry, Walter},
 title = {Implementing a High Performance Tensor Library},
 journal = {Sci. Program.},
 issue_date = {December 2003},
 volume = {11},
 number = {4},
 month = dec,
 year = {2003},
 issn = {1058-9244},
 pages = {273--290},
 numpages = {18},
 url = {http://dl.acm.org/citation.cfm?id=1240120.1240122},
 acmid = {1240122},
 publisher = {IOS Press},
 address = {Amsterdam, The Netherlands, The Netherlands},
}

@misc{TTB_Software,
  author = {Brett W. Bader and Tamara G. Kolda and others},
  title = {MATLAB Tensor Toolbox ({V}ersion 2.6)},
  howpublished = {Available online},
  month = {February},
  year = {2015},
  url = {http://www.sandia.gov/~tgkolda/TensorToolbox/}
}


@article{TTB_Dense,
  author = {Bader, Brett W. and Kolda, Tamara G.},
  title = {Algorithm 862: {MATLAB} tensor classes for fast algorithm prototyping},
  journal = {ACM Transactions on Mathematical Software},
  month = {December},
  year = {2006},
  volume = {32},
  number = {4},
  pages = {635--653},
  doi = {10.1145/1186785.1186794}
}

% TTB_Sparse
@article{Bader07efficientmatlab,
  author = {Bader, Brett W. and Kolda, Tamara G.},
  title = {Efficient {MATLAB} computations with sparse and factored tensors},
  journal = {SIAM Journal on Scientific Computing},
  month = {December},
  year = {2007},
  volume = {30},
  number = {1},
  pages = {205--231},
  doi = {10.1137/060676489}
}

% MET in Tensor Toolbox & propose Memory blowup problem
@inproceedings{Kolda:2008:STD:1510528.1511376,
 author = {Kolda, Tamara G. and Sun, Jimeng},
 title = {Scalable Tensor Decompositions for Multi-aspect Data Mining},
 booktitle = {Proceedings of the 2008 Eighth IEEE International Conference on Data Mining},
 series = {ICDM '08},
 year = {2008},
 isbn = {978-0-7695-3502-9},
 pages = {363--372},
 numpages = {10},
 url = {http://dx.doi.org/10.1109/ICDM.2008.89},
 doi = {10.1109/ICDM.2008.89},
 acmid = {1511376},
 publisher = {IEEE Computer Society},
 address = {Washington, DC, USA},
 keywords = {Data mining, Tensor Decomposition, Tucker Decomposition, Sparse data},
}

@article{Kressner:2014:A9H:2610268.2538688,
 author = {Kressner, Daniel and Tobler, Christine},
 title = {Algorithm 941: Htucker---A Matlab Toolbox for Tensors in Hierarchical Tucker Format},
 journal = {ACM Trans. Math. Softw.},
 issue_date = {April 2014},
 volume = {40},
 number = {3},
 month = apr,
 year = {2014},
 issn = {0098-3500},
 pages = {22:1--22:22},
 articleno = {22},
 numpages = {22},
 url = {http://doi.acm.org/10.1145/2538688},
 doi = {10.1145/2538688},
 acmid = {2538688},
 publisher = {ACM},
 address = {New York, NY, USA},
 keywords = {Higher-order tensors, MATLAB, multilinear algebra, tensor networks},
}

@misc{HT,
  author = {Kressner, D. and Tobler, C.},
  title = {Hierarchical {Tucker} Toolbox ({V}ersion 1.2)},
  month = {Feb},
  year = {2013},
  howpublished = {Available from \url{http://anchp.epfl.ch/htucker}}
}

@article{CuBatch,
  author  = {Gourvenec, S. and Tomasi, G. and Durville, C. and Di Crescenzo, E. and Saby, C.A. and Massart, D. L. and Bro, R. and Oppenheim, G.},
  title   = {CuBatch, a MATLAB® interface for n-mode data analysis},
  journal = {Chemometrics and Intelligent Laboratory Systems},
  year    = {2005},
  number  = {1-2},
  pages   = {122-–130},
  month   = {May},
  note    = {},
  volume  = {77}
}

@misc{CuBatch-web,
  author = {Gourvenec, S. and Tomasi, G. and Durville, C. and Di Crescenzo, E. and Saby, C.A. and Massart, D. L. and Bro, R. and Oppenheim, G.},
  title = {CuBatch ({V}ersion 2.1)},
  month = {},
  year = {2011},
  howpublished = {Available from \url{http://www.models.life.ku.dk/cubatch}}
}

@article{larskres-survey-2013,
author = {Grasedyck, L. and Kressner, D. and Tobler, C.},
title = {A literature survey of low-rank tensor approximation techniques},
journal = {GAMM-Mitt.},
volume = {36},
number = {1},
doi = {10.1002/gamm.201310004},
pages = {53--78},
year = {2013},
oldversion={larskres-survey-2013pre},
}

@article{DBLP:journals/corr/Cichocki14,
  author    = {Andrzej Cichocki},
  title     = {Era of Big Data Processing: {A} New Approach via Tensor Networks and
               Tensor Decompositions},
  journal   = {CoRR},
  volume    = {abs/1403.2048},
  year      = {2014},
  url       = {http://arxiv.org/abs/1403.2048},
  timestamp = {Tue, 01 Apr 2014 11:56:46 +0200},
  biburl    = {http://dblp.uni-trier.de/rec/bib/journals/corr/Cichocki14},
  bibsource = {dblp computer science bibliography, http://dblp.org}
}

@misc{PLS-toolbox,
  author = {Wise, B. M. and Gallagher, N. B.},
  title = {{PLS\_Toolbox} ({V}ersion 8.0.2)},
  month = {},
  year = {2015},
  howpublished = {Available from \url{http://www.eigenvector.com/software/pls\_toolbox.htm}}
}

@article{Nway-Paper,
  author  = {Andersson, Claus A and Bro, Rasmus},
  title   = {The N-way Toolbox for MATLAB},
  journal = {Chemometrics and Intelligent Laboratory Systems},
  year    = {2000},
  number  = {1},
  pages   = {1--4},
  month   = {Aug},
  note    = {},
  volume  = {52}
}

@misc{Nway,
  author = {Bro, Rasmus},
  title = {The N-way Toolbox ({V}ersion 3.31)},
  month = {July},
  year = {2013},
  howpublished = {Available from \url{http://www.models.life.ku.dk/nwaytoolbox}}
}

@misc{FTensor,
  author = {Landry, Walter},
  title = {{FTensor}},
  month = {},
  year = {2012},
  howpublished = {Available from \url{http://www.wlandry.net/Projects/FTensor}}
}

@misc{LTensor,
  author = {Limache, A. C. and Rojas Fredini, P. S.},
  title = {{LTensor}: A high performance C++ Tensor Library based on Index Notation ({V}ersion 21112012)},
  month = {Nov},
  year = {2012},
  howpublished = {Available from \url{http://code.google.com/p/ltensor/}}
}

@misc{blitz,
  author = {Veldhuizen, Todd and others},
  title = {The {Blitz++} library ({V}ersion 0.10)},
  month = {March},
  year = {2014},
  howpublished = {Available from \url{http://sourceforge.net/projects/blitz/}}
}

@article{boost-multiarray,
  author  = {Garcia, R. and Lumsdaine, A.},
  title   = {MultiArray: A C++ library for generic programming with arrays},
  journal = {Software Practive Experience},
  year    = {2004},
  number  = {},
  pages   = {159--188},
  month   = {},
  note    = {},
  volume  = {35}
}

@misc{boost-multiarray-web,
  author = {Ronald Garcia and Jeremy Siek and Andrew Lumsdaine},
  title = {{Boost.MultiArray}},
  month = {},
  year = {2005},
  howpublished = {Available from \url{http://www.boost.org/doc/libs/1\_59\_0/libs/multi\_array}}
}


@misc{TensorCPP,
  author = {},
  title = {The {Tensor} {C++} library},
  howpublished = {Available from http://tream.dreamhosters.com/tream/tensor},
  month = {},
  year = {2012},
  url = {http://tream.dreamhosters.com/tream/tensor}
}

@misc{boost,
  author = {},
  title = {Boost C++ Libraries},
  howpublished = {Available from http://www.boost.org},
  month = {Nov},
  year = {2014},
  url = {http://www.boost.org}
}

@misc{huji,
  author = {Zass, R.},
  title = {HUJI Tensor Library},
  howpublished = {Available from http://www.cs.huji.ac.il/~zaas/htl/},
  month = {May},
  year = {2006},
  url = {http://www.cs.huji.ac.il/~zaas/htl/}
}

@misc{tt-toolbox,
  author = {Oseledets, I.},
  title = {{TT-Toolbox} ({V}ersion 2.3)},
  month = {},
  year = {2014},
  howpublished = {Available from \url{https://github.com/oseledets/TT-Toolbox}}
}

@techreport{CTF,
    Author = {Solomonik, Edgar and Matthews, Devin and Hammond, Jeff and Demmel, James},
    Title = {{Cyclops} {Tensor} {Framework}: reducing communication and eliminating load imbalance in massively parallel contractions},
    Institution = {EECS Department, University of California, Berkeley},
    Year = {2012},
    Month = {Nov},
    URL = {http://www.eecs.berkeley.edu/Pubs/TechRpts/2012/EECS-2012-210.html},
    Number = {UCB/EECS-2012-210},
    Abstract = {Cyclops (cyclic-operations) Tensor Framework (CTF) is a distributed library for tensor contractions. CTF aims to scale high-dimensional tensor contractions such as those required in the Coupled Cluster (CC) electronic structure method to massively-parallel supercomputers. The framework preserves tensor structure by subdividing tensors cyclically, producing a regular parallel decomposition. An internal virtualization layer provides completely general mapping support while maintaining ideal load balance. The mapping framework decides on the best mapping for each tensor contraction at run-time via explicit calculations of memory usage and communication volume. CTF employs a general redistribution kernel, which transposes tensors of any dimension between arbitrary distributed layouts, yet touches each piece of data only once. Sequential symmetric contractions are reduced to matrix multiplication calls via tensor index transpositions and partial unpacking. The user-level interface elegantly expresses arbitrary-dimensional generalized tensor contractions in the form of a domain specific language. We demonstrate performance of CC with single and double excitations on BlueGene/Q and Cray XE6 supercomputers.}
}

@misc{CTF-web,
  author = {Solomonik, Edgar and Matthews, Devin and Hammond, Jeff and Demmel, James},
  title = {{Cyclops} {Tensor} {Framework}},
  month = {Nov},
  year = {2015},
  howpublished = {Available from \url{http://ctf.eecs.berkeley.edu}}
}

@inproceedings{intensli,
 author= {Li, Jiajia and Battaglino, Casey and Perros, Ioakeim and Sun, Jimeng and Vuduc, Richard},
 title={An input-adaptive and in-place approach to dense tensor-times-matrix multiply},
 year = {2015},
 location = {Austin, Texas},
 publisher = {ACM},
 address = {New York, NY, USA},
 booktitle = {ACM/IEEE Supercomputing (SC '15)},
}

@article{TCE,
  author  = {Auer, A. A. and others},
  title   = {Automatic code generation for many-body electronic structure methods: the tensor contraction engine},
  journal = {Molecular Physics},
  year    = {2006},
  number  = {2},
  pages   = {211--228},
  month   = {},
  note    = {},
  volume  = {104}
}

@misc{TCE-web,
  author = {Auer, A. A. and others},
  title = {{Tensor Contraction Engine} in {NWChem} Release65},
  month = {Sep},
  year = {2015},
  howpublished = {Available from \url{http://www.nwchem-sw.org/index.php/Release65:TCE}}
}

@inproceedings{fang2014fast,
	title={Fast DTT: a near linear algorithm for decomposing a tensor into factor tensors},
	author={Fang, Xiaomin and Pan, Rong},
	booktitle={Proceedings of the 20th ACM SIGKDD international conference on Knowledge discovery and data mining},
	pages={967--976},
	year={2014},
	organization={ACM}
}

@incollection{PARCUBE,
year={2012},
isbn={978-3-642-33459-7},
booktitle={Machine Learning and Knowledge Discovery in Databases},
volume={7523},
series={Lecture Notes in Computer Science},
editor={Flach, PeterA. and De Bie, Tijl and Cristianini, Nello},
doi={10.1007/978-3-642-33460-3\_39},
title={{ParCube}: {Sparse} Parallelizable Tensor Decompositions},
url={http://dx.doi.org/10.1007/978-3-642-33460-3_39},
publisher={Springer Berlin Heidelberg},
keywords={Tensors; PARAFAC decomposition; sparsity; sampling; randomized algorithms; parallel algorithms},
author={Papalexakis, Evangelos E. and Faloutsos, Christos and Sidiropoulos, Nicholas D.},
pages={521-536},
language={English}
}

@article{PARCUBE2,
	author = {Papalexakis, Evangelos E. and Faloutsos, Christos and Sidiropoulos, Nicholas D.},
	title = {ParCube: Sparse Parallelizable CANDECOMP-PARAFAC Tensor Decomposition},
	journal = {ACM Trans. Knowl. Discov. Data},
	issue_date = {July 2015},
	volume = {10},
	number = {1},
	month = jul,
	year = {2015},
	issn = {1556-4681},
	pages = {3:1--3:25},
	articleno = {3},
	numpages = {25},
	url = {http://doi.acm.org/10.1145/2729980},
	doi = {10.1145/2729980},
	acmid = {2729980},
	publisher = {ACM},
	address = {New York, NY, USA},
	keywords = {PARAFAC decomposition, Tensors, parallel algorithms, randomized algorithms, sampling, sparsity},
} 


@misc{ITensor,
  author = {Miles, E. and White, Steven R.},
  title = {{ITensor}, ({V}ersion 1.3.0)},
  month = {},
  year = {2015},
  howpublished = {Available from \url{http://itensor.org}}
}

@misc{MCTDH,
  author = {Worth, G. A. and Beck, M. H. and Jackle, A. and Meyer, H. D.},
  title = {The {MCTDH} package, ({V}ersion 8.3)},
  howpublished = {Available from http://www.pci.uni-heidelberg.de/tc/usr/mctdh/},
  month = {},
  year = {2003},
  url = {http://www.pci.uni-heidelberg.de/tc/usr/mctdh/}
}

@misc{Block,
  author = {Sharma, S. and Chan, G. K. L.},
  title = {Block v 0.9.6},
  howpublished = {Available from http://www.princeton.edu/chemistry/chan/software/dmrg/},
  month = {},
  year = {2013},
  url = {http://www.princeton.edu/chemistry/chan/software/dmrg/}
}

@article{ALPS,
  author  = {Bauer, B. and others},
  title   = {The {ALPS} project release 2.0: open source software for strongly correlated systems},
  journal = {J. Stat. Mech.},
  year    = {2011},
  number  = {},
  pages   = {},
  month   = {},
  note    = {},
  volume  = {5},
  howpublished = {Available from http://alps.comp-phys.org/mediawiki/index.php/Main_Page}
}

@TECHREPORT{Yoo10pytensor:a,
    author = {Ji Oh Yoo and Arvind Ramanathan and Christopher J. Langmead},
    title = {{PyTensor}: A Python based Tensor Library},
    institution = {CMU},
    year = {2010}
}

@misc{PyTensor,
  author = {Arvind Ramanathan and Ji Oh Yoo and Christopher J. Langmead},
  title = {{PyTensor} ({V}ersion R2)},
  month = {},
  year = {2009},
  howpublished = {Available from \url{https://code.google.com/p/pytensor/}}
}

%%%DATA SCIENCE APPLICATIONS

@article{epilepsy,
 author = {Acar, Evrim and Aykut-Bingol, Canan and Bingol, Haluk and Bro, Rasmus and Yener, B\"{u}lent},
 title = {Multiway Analysis of Epilepsy Tensors},
 journal = {Bioinformatics},
 issue_date = {July 2007},
 volume = {23},
 number = {13},
 month = jul,
 year = {2007},
 issn = {1367-4803},
 pages = {i10--i18},
 url = {http://dx.doi.org/10.1093/bioinformatics/btm210},
 doi = {10.1093/bioinformatics/btm210},
 acmid = {1346205},
 publisher = {Oxford University Press},
 address = {Oxford, UK},
}

@techreport{dedicom3,
 institution={Sandia National Laboratories},
 title={Temporal analysis of social networks using three-way DEDICOM.},
 url={http://www.osti.gov/scitech/servlets/purl/887253},
 DOI={10.2172/887253},
 abstractNote={DEDICOM is an algebraic model for analyzing intrinsically asymmetric relationships, such as the balance of trade among nations or the flow of information among organizations or individuals. It provides information on latent components in the data that can be regarded as properties’' or aspects’' of the objects, and it finds a few patterns that can be combined to describe many relationships among these components. When we apply this technique to adjacency matrices arising from directed graphs, we obtain a smaller graph that gives an idealized description of its patterns. Three-way DEDICOM is a higher-order extension of the model that has certain uniqueness properties. It allows for a third mode of the data, such as time, and permits the analysis of semantic graphs. We present an improved algorithm for computing three-way DEDICOM on sparse data and demonstrate it by applying it to the adjacency tensor of a semantic graph with time-labeled edges. Our application uses the Enron email corpus, from which we construct a semantic graph corresponding to email exchanges among Enron personnel over a series of 44 months. Meaningful patterns are recovered in which the representation of asymmetries adds insight into the social networks at Enron.},
 author={Bader, Brett William and Harshman, Richard A. and Kolda, Tamara Gibson},
 year={2006},
 month={Jun}}

@inproceedings{cubesvd,
 author = {Sun, Jian-Tao and Zeng, Hua-Jun and Liu, Huan and Lu, Yuchang and Chen, Zheng},
 title = {CubeSVD: A Novel Approach to Personalized Web Search},
 booktitle = {Proceedings of the 14th International Conference on World Wide Web},
 series = {WWW '05},
 year = {2005},
 isbn = {1-59593-046-9},
 location = {Chiba, Japan},
 pages = {382--390},
 numpages = {9},
 url = {http://doi.acm.org/10.1145/1060745.1060803},
 doi = {10.1145/1060745.1060803},
 acmid = {1060803},
 publisher = {ACM},
 address = {New York, NY, USA},
}

@ARTICLE{lsi_indexing,
    author = {Scott Deerwester and Susan T. Dumais and George W. Furnas and Thomas K. Landauer and Richard Harshman},
    title = {Indexing by latent semantic analysis},
    journal = {JOURNAL OF THE AMERICAN SOCIETY FOR INFORMATION SCIENCE},
    year = {1990},
    volume = {41},
    number = {6},
    pages = {391--407}
}

@article{3dface,
 author = {Tao, Dacheng and Song, Mingli and Li, Xuelong and Shen, Jialie and Sun, Jimeng and Wu, Xindong and Faloutsos, C. and Maybank, S. J.},
 title = {Bayesian Tensor Approach for 3-D Face Modeling},
 journal = {IEEE Trans. Cir. and Sys. for Video Technol.},
 issue_date = {October 2008},
 volume = {18},
 number = {10},
 month = oct,
 year = {2008},
 issn = {1051-8215},
 pages = {1397--1410},
 numpages = {14},
 url = {http://dx.doi.org/10.1109/TCSVT.2008.2002825},
 doi = {10.1109/TCSVT.2008.2002825},
 acmid = {2324397},
 publisher = {IEEE Press},
 address = {Piscataway, NJ, USA},
 keywords = {3-D face, Bayesian inference, Bayesian tensor analysis, face expression synthesis},
}

@article{supervised,
 author = {Tao, Dacheng and Li, Xuelong and Wu, Xindong and Hu, Weiming and Maybank, Stephen J.},
 title = {Supervised Tensor Learning},
 journal = {Knowl. Inf. Syst.},
 issue_date = {September 2007},
 volume = {13},
 number = {1},
 month = sep,
 year = {2007},
 issn = {0219-1377},
 pages = {1--42},
 numpages = {42},
 url = {http://dx.doi.org/10.1007/s10115-006-0050-6},
 doi = {10.1007/s10115-006-0050-6},
 acmid = {1290955},
 publisher = {Springer-Verlag New York, Inc.},
 address = {New York, NY, USA},
 keywords = {Alternating projection, Convex optimization, Supervised learning, Tensor},
}

@inproceedings{patternmining,
 author = {Maruhashi, Koji and Guo, Fan and Faloutsos, Christos},
 title = {MultiAspectForensics: Pattern Mining on Large-Scale Heterogeneous Networks with Tensor Analysis},
 booktitle = {Proceedings of the 2011 International Conference on Advances in Social Networks Analysis and Mining},
 series = {ASONAM '11},
 year = {2011},
 isbn = {978-0-7695-4375-8},
 pages = {203--210},
 numpages = {8},
 url = {http://dx.doi.org/10.1109/ASONAM.2011.80},
 doi = {10.1109/ASONAM.2011.80},
 acmid = {2055665},
 publisher = {IEEE Computer Society},
 address = {Washington, DC, USA},
 keywords = {heterogeneous networks, pattern mining, tensor analysis},
}

@incollection{com2,
year={2014},
isbn={978-3-319-06604-2},
booktitle={Advances in Knowledge Discovery and Data Mining},
volume={8444},
series={Lecture Notes in Computer Science},
editor={Tseng, Vincent S. and Ho, Tu Bao and Zhou, Zhi-Hua and Chen, ArbeeL.P. and Kao, Hung-Yu},
doi={10.1007/978-3-319-06605-9_23},
title={Com2: Fast Automatic Discovery of Temporal (‘Comet’) Communities},
url={http://dx.doi.org/10.1007/978-3-319-06605-9_23},
publisher={Springer International Publishing},
keywords={community detection; temporal data; tensor decomposition},
author={Araujo, Miguel and Papadimitriou, Spiros and Günnemann, Stephan and Faloutsos, Christos and Basu, Prithwish and Swami, Ananthram and Papalexakis, Evangelos E. and Koutra, Danai},
pages={271-283},
language={English}
}

@inproceedings{moreviewsgraph,
  author    = {Evangelos E. Papalexakis and
               Leman Akoglu and
               Dino Ienco},
  title     = {Do more views of a graph help? Community detection and clustering
               in multi-graphs},
  booktitle = {Proceedings of the 16th International Conference on Information Fusion,
               {FUSION} 2013, Istanbul, Turkey, July 9-12, 2013},
  pages     = {899--905},
  year      = {2013},
  url       = {http://ieeexplore.ieee.org/xpl/freeabs_all.jsp?arnumber=6641090},
  timestamp = {Thu, 13 Feb 2014 20:48:18 +0100},
  biburl    = {http://dblp.uni-trier.de/rec/bib/conf/fusion/PapalexakisAI13},
  bibsource = {dblp computer science bibliography, http://dblp.org}
}

@Inproceedings {mrlsa,
abstract     = {<p>We present Multi-Relational Latent Semantic Analysis (MRLSA) which generalizes
                Latent Semantic Analysis (LSA). MRLSA provides an elegant approach to combining
                multiple relations between words by constructing a 3-way tensor. Similar to LSA,
                a low-rank approximation of the tensor is derived using a tensor decomposition.
                Each word in the vocabulary is thus represented by a vector in the latent
                semantic space and each relation is captured by a latent square matrix. The
                degree of two words having a specific relation can then be measured through
                simple linear algebraic operations. We demonstrate that by integrating multiple
                relations from both homogeneous and heterogeneous information sources, MRLSA
                achieves state-of-the-art performance on existing benchmark datasets for two
                relations, antonymy and is-a.</p>},
author       = {Kai-Wei Chang and Wen-tau Yih and Chris Meek},
booktitle    = {Proceedings of the Conference on Empirical Methods in Natural Language Processing
                (EMNLP)},
month        = {October},
publisher    = {ACL – Association for Computational Linguistics},
title        = {Multi-Relational Latent Semantic Analysis},
url          = {http://research.microsoft.com/apps/pubs/default.aspx?id=201352},
year         = {2013},
}

@INPROCEEDINGS{hosvd_image,
author={Dijun Luo and Heng Huang and C. Ding},
booktitle={Computer Vision (ICCV), 2011 IEEE International Conference on},
title={Discriminative high order SVD: Adaptive tensor subspace selection for image classification, clustering, and retrieval},
year={2011},
month={Nov},
pages={1443-1448},
keywords={data compression;feature extraction;image classification;image retrieval;pattern clustering;singular value decomposition;K-means clustering;adaptive tensor subspace selection;computer vision;data compression;discriminative high order SVD;feature extraction;high-order singular value decomposition;image classification;image clustering;image retrieval;low-rank approximation error;low-rank subspaces;pattern recognition;tensor based dimensionality reduction;unsupervised high-order tensor decomposition approach;Accuracy;Clustering algorithms;Computer vision;Measurement;Principal component analysis;Tensile stress;Vectors},
doi={10.1109/ICCV.2011.6126400},
ISSN={1550-5499},}

@INPROCEEDINGS{multilinear_image,
    author = {M. Alex O. Vasilescu and Demetri Terzopoulos},
    title = {Multilinear Analysis of Image Ensembles: TensorFaces},
    booktitle = {IN PROCEEDINGS OF THE EUROPEAN CONFERENCE ON COMPUTER VISION},
    year = {2002},
    pages = {447--460},
    publisher = {}
}

@inproceedings{trilinear,
author = {R. Bro and N. D. Sidiropoulos and G. B. Giannakis},
title = {{A fast least squares algorithm for separating trilinear mixtures}},
booktitle = {Independent Component Analysis},
year = {1999},
masid = {2362783}
}

@article{jiang2004kruskal,
	title={Kruskal's permutation lemma and the identification of CANDECOMP/PARAFAC and bilinear models with constant modulus constraints},
	author={Jiang, Tao and Sidiropoulos, Nicholas D},
	journal={Signal Processing, IEEE Transactions on},
	volume={52},
	number={9},
	pages={2625--2636},
	year={2004},
	publisher={IEEE}
}

@article{sidiropoulos2000blind,
	title={Blind PARAFAC receivers for DS-CDMA systems},
	author={Sidiropoulos, Nicholas D and Giannakis, Georgios B and Bro, Rasmus},
	journal={Signal Processing, IEEE Transactions on},
	volume={48},
	number={3},
	pages={810--823},
	year={2000},
	publisher={IEEE}
}

@misc{tensorflow2015,
	title={{TensorFlow}: Large-Scale Machine Learning on Heterogeneous Systems},
	url={http://tensorflow.org/},
	note={Software available from tensorflow.org},
	author={
	Mart\'{\i}n~Abadi and
	Ashish~Agarwal and
	Paul~Barham and
	Eugene~Brevdo and
	Zhifeng~Chen and
	Craig~Citro and
	Greg~S.~Corrado and
	Andy~Davis and
	Jeffrey~Dean and
	Matthieu~Devin and
	Sanjay~Ghemawat and
	Ian~Goodfellow and
	Andrew~Harp and
	Geoffrey~Irving and
	Michael~Isard and
	Yangqing Jia and
	Rafal~Jozefowicz and
	Lukasz~Kaiser and
	Manjunath~Kudlur and
	Josh~Levenberg and
	Dan~Man\'{e} and
	Rajat~Monga and
	Sherry~Moore and
	Derek~Murray and
	Chris~Olah and
	Mike~Schuster and
	Jonathon~Shlens and
	Benoit~Steiner and
	Ilya~Sutskever and
	Kunal~Talwar and
	Paul~Tucker and
	Vincent~Vanhoucke and
	Vijay~Vasudevan and
	Fernanda~Vi\'{e}gas and
	Oriol~Vinyals and
	Pete~Warden and
	Martin~Wattenberg and
	Martin~Wicke and
	Yuan~Yu and
	Xiaoqiang~Zheng},
	year={2015},
}

@inproceedings{DBN,
 author = {Kim, Mijung and Candan, K. Sel\c{c}uk},
 title = {Decomposition-by-normalization (DBN): Leveraging Approximate Functional Dependencies for Efficient Tensor Decomposition},
 booktitle = {Proceedings of the 21st ACM International Conference on Information and Knowledge Management},
 series = {CIKM '12},
 year = {2012},
 isbn = {978-1-4503-1156-4},
 location = {Maui, Hawaii, USA},
 pages = {355--364},
 numpages = {10},
 url = {http://doi.acm.org/10.1145/2396761.2396809},
 doi = {10.1145/2396761.2396809},
 acmid = {2396809},
 publisher = {ACM},
 address = {New York, NY, USA},
 keywords = {tensor decomposition, tensor-based relational data model},
}

@inproceedings{walknmerge,
  author    = {D{\'{o}}ra Erd{\"{o}}s and
               Pauli Miettinen},
  editor    = {Hui Xiong and
               George Karypis and
               Bhavani M. Thuraisingham and
               Diane J. Cook and
               Xindong Wu},
  title     = {Walk 'n' Merge: {A} Scalable Algorithm for Boolean Tensor Factorization},
  booktitle = {2013 {IEEE} 13th International Conference on Data Mining, Dallas,
               TX, USA, December 7-10, 2013},
  pages     = {1037--1042},
  publisher = {{IEEE} Computer Society},
  year      = {2013},
  url       = {http://dx.doi.org/10.1109/ICDM.2013.141},
  doi       = {10.1109/ICDM.2013.141},
  timestamp = {Wed, 17 Sep 2014 19:35:16 +0200},
  biburl    = {http://dblp.uni-trier.de/rec/bib/conf/icdm/ErdosM13},
  bibsource = {dblp computer science bibliography, http://dblp.org}
}

@article{overlap_comm,
  added-at = {2013-10-16T00:00:00.000+0200},
  author = {Huang, Furong and N, Niranjan U and Hakeem, Mohammad Umar and Verma, Prateek and Anandkumar, Animashree},
  biburl = {http://www.bibsonomy.org/bibtex/2506098e6a45fb6be85958f34a4b32ddf/dblp},
  ee = {http://arxiv.org/abs/1309.0787},
  interhash = {1a05035e226fc88864570911572e6187},
  intrahash = {506098e6a45fb6be85958f34a4b32ddf},
  journal = {CoRR},
  keywords = {dblp},
  timestamp = {2013-10-17T11:33:39.000+0200},
  title = {Fast Detection of Overlapping Communities via Online Tensor Methods on GPUs.},
  url = {http://dblp.uni-trier.de/db/journals/corr/corr1309.html#HuangNHVA13},
  volume = {abs/1309.0787},
  year = 2013
}


